<?xml version="1.0" encoding="UTF-8"?>
<!DOCTYPE html PUBLIC "-//W3C//DTD XHTML 1.0 Transitional//EN"
    "http://www.w3.org/TR/xhtml1/DTD/xhtml1-transitional.dtd">
<html xmlns="http://www.w3.org/1999/xhtml" xml:lang="en" lang="en">
 <head>
  <title>
</title>
<meta http-equiv="Content-Type" content="text/html;charset=utf-8" />
  <meta name='ocr-system' content='tesseract 3.04.00' />
  <meta name='ocr-capabilities' content='ocr_page ocr_carea ocr_par ocr_line ocrx_word'/>
</head>
<body>
  <div class='ocr_page' id='page_1' title='image "./scriptaselecta01muregoog_0015.png"; bbox 0 0 2656 3910; ppageno 0'>
   <div class='ocr_carea' id='block_1_1' title="bbox 243 204 838 270">
    <p class='ocr_par' dir='ltr' id='par_1_1' title="bbox 243 204 838 270">
     <span class='ocr_line' id='line_1_1' title="bbox 243 204 838 270; baseline 0.008 -13"><span class='ocrx_word' id='word_1_1' title='bbox 243 206 263 270; x_wconf 87' lang='lat'>8</span> <span class='ocrx_word' id='word_1_2' title='bbox 606 204 787 262; x_wconf 83' lang='lat' dir='ltr'>EPISTOLA</span> <span class='ocrx_word' id='word_1_3' title='bbox 804 205 838 262; x_wconf 87' lang='lat' dir='ltr'><strong>V.</strong></span> 
     </span>
    </p>
   </div>
   <div class='ocr_carea' id='block_1_2' title="bbox 239 347 1199 612">
    <p class='ocr_par' dir='ltr' id='par_1_2' title="bbox 239 347 1199 612">
     <span class='ocr_line' id='line_1_2' title="bbox 240 347 1199 438; baseline 0.009 -24"><span class='ocrx_word' id='word_1_4' title='bbox 240 350 387 435; x_wconf 83' lang='lat' dir='ltr'><strong>equidem</strong></span> <span class='ocrx_word' id='word_1_5' title='bbox 410 349 552 433; x_wconf 85' lang='lat' dir='ltr'><strong>esttibi,</strong></span> <span class='ocrx_word' id='word_1_6' title='bbox 573 347 738 434; x_wconf 87' lang='lat' dir='ltr'><strong>Hercules,</strong></span> <span class='ocrx_word' id='word_1_7' title='bbox 760 350 847 435; x_wconf 87' lang='lat' dir='ltr'><strong>quod</strong></span> <span class='ocrx_word' id='word_1_8' title='bbox 861 371 1073 418; x_wconf 74' lang='lat' dir='ltr'><strong>succensam</strong></span> <span class='ocrx_word' id='word_1_9' title='bbox 1101 351 1199 438; x_wconf 78' lang='lat' dir='ltr'><strong>Tene.</strong></span> 
     </span>
     <span class='ocr_line' id='line_1_3' title="bbox 240 438 1199 526; baseline 0.002 -22"><span class='ocrx_word' id='word_1_10' title='bbox 240 460 313 504; x_wconf 87' lang='lat' dir='ltr'><strong>eum</strong></span> <span class='ocrx_word' id='word_1_11' title='bbox 335 438 388 504; x_wconf 90' lang='lat' dir='ltr'><strong>hie</strong></span> <span class='ocrx_word' id='word_1_12' title='bbox 411 458 511 521; x_wconf 86' lang='lat' dir='ltr'><strong>essee,</strong></span> <span class='ocrx_word' id='word_1_13' title='bbox 539 438 638 502; x_wconf 88' lang='lat' dir='ltr'><strong>semel</strong></span> <span class='ocrx_word' id='word_1_14' title='bbox 664 441 792 506; x_wconf 84' lang='lat' dir='ltr'><strong>tentum</strong></span> <span class='ocrx_word' id='word_1_15' title='bbox 814 438 856 504; x_wconf 87' lang='lat' dir='ltr'><strong>ed</strong></span> <span class='ocrx_word' id='word_1_16' title='bbox 877 460 929 504; x_wconf 86' lang='lat' dir='ltr'><strong>me</strong></span> <span class='ocrx_word' id='word_1_17' title='bbox 952 439 1070 505; x_wconf 75' lang='lat' dir='ltr'><strong>adiisse</strong></span> <span class='ocrx_word' id='word_1_18' title='bbox 1092 461 1199 526; x_wconf 90' lang='lat' dir='ltr'><strong>neque</strong></span> 
     </span>
     <span class='ocr_line' id='line_1_4' title="bbox 239 525 1199 612; baseline 0.002 -20"><span class='ocrx_word' id='word_1_19' title='bbox 239 530 354 612; x_wconf 86' lang='lat' dir='ltr'><strong>postea</strong></span> <span class='ocrx_word' id='word_1_20' title='bbox 374 525 507 592; x_wconf 76' lang='lat' dir='ltr'><strong>rediisse</strong></span> <span class='ocrx_word' id='word_1_21' title='bbox 530 525 690 610; x_wconf 80' lang='lat' dir='ltr'><strong>emplius?</strong></span> <span class='ocrx_word' id='word_1_22' title='bbox 716 525 831 612; x_wconf 84' lang='lat' dir='ltr'><strong>Itaque</strong></span> <span class='ocrx_word' id='word_1_23' title='bbox 844 529 927 592; x_wconf 85' lang='lat' dir='ltr'><strong>utte</strong></span> <span class='ocrx_word' id='word_1_24' title='bbox 949 527 1093 611; x_wconf 68' lang='lat' dir='ltr'><strong>clamem,</strong></span> <span class='ocrx_word' id='word_1_25' title='bbox 1115 528 1199 594; x_wconf 88' lang='lat' dir='ltr'><strong>nihil</strong></span> 
     </span>
    </p>
   </div>
   <div class='ocr_carea' id='block_1_3' title="bbox 240 614 1316 708">
    <p class='ocr_par' dir='ltr' id='par_1_3' title="bbox 240 614 1316 708">
     <span class='ocr_line' id='line_1_5' title="bbox 240 614 1316 708; baseline 0 -30"><span class='ocrx_word' id='word_1_26' title='bbox 240 614 344 680; x_wconf 87' lang='lat' dir='ltr'><strong>adhue</strong></span> <span class='ocrx_word' id='word_1_27' title='bbox 367 614 407 678; x_wconf 89' lang='lat' dir='ltr'><strong>ad</strong></span> <span class='ocrx_word' id='word_1_28' title='bbox 430 634 484 678; x_wconf 88' lang='lat' dir='ltr'><strong>eas</strong></span> <span class='ocrx_word' id='word_1_29' title='bbox 505 614 644 698; x_wconf 83' lang='lat' dir='ltr'><strong>litteras,</strong></span> <span class='ocrx_word' id='word_1_30' title='bbox 668 635 747 700; x_wconf 81' lang='lat' dir='ltr'><strong>qnae</strong></span> <span class='ocrx_word' id='word_1_31' title='bbox 769 615 1071 699; x_wconf 68' lang='lat' dir='ltr'><strong>replenissimae</strong></span> <span class='ocrx_word' id='word_1_32' title='bbox 1094 617 1200 680; x_wconf 80' lang='lat' dir='ltr'><strong>suari-</strong></span> <span class='ocrx_word' id='word_1_33' title='bbox 1312 631 1316 708; x_wconf 44' lang='lat' dir='ltr'><strong>p</strong></span> 
     </span>
    </p>
   </div>
   <div class='ocr_carea' id='block_1_4' title="bbox 239 700 1201 876">
    <p class='ocr_par' dir='ltr' id='par_1_4' title="bbox 239 700 1201 876">
     <span class='ocr_line' id='line_1_6' title="bbox 239 700 1200 790; baseline 0.002 -22"><span class='ocrx_word' id='word_1_34' title='bbox 239 702 319 768; x_wconf 87' lang='lat' dir='ltr'><strong>tatis</strong></span> <span class='ocrx_word' id='word_1_35' title='bbox 340 702 458 787; x_wconf 81' lang='lat' dir='ltr'><strong>accepi,</strong></span> <span class='ocrx_word' id='word_1_36' title='bbox 480 700 668 786; x_wconf 81' lang='lat' dir='ltr'><strong>respondeo.</strong></span> <span class='ocrx_word' id='word_1_37' title='bbox 705 700 822 768; x_wconf 76' lang='lat' dir='ltr'><strong>Curavi</strong></span> <span class='ocrx_word' id='word_1_38' title='bbox 844 706 968 787; x_wconf 83' lang='lat' dir='ltr'><strong>temen,</strong></span> <span class='ocrx_word' id='word_1_39' title='bbox 989 706 1027 768; x_wconf 90' lang='lat' dir='ltr'><strong>ut</strong></span> <span class='ocrx_word' id='word_1_40' title='bbox 1047 704 1090 788; x_wconf 75' lang='lat' dir='ltr'><strong>iq</strong></span> <span class='ocrx_word' id='word_1_41' title='bbox 1113 704 1200 790; x_wconf 87' lang='lat' dir='ltr'><strong>quod</strong></span> 
     </span>
     <span class='ocr_line' id='line_1_7' title="bbox 240 789 1201 876; baseline 0.003 -21"><span class='ocrx_word' id='word_1_42' title='bbox 240 791 387 876; x_wconf 87' lang='lat' dir='ltr'><strong>petebas,</strong></span> <span class='ocrx_word' id='word_1_43' title='bbox 423 789 464 854; x_wconf 87' lang='lat' dir='ltr'><strong>ad</strong></span> <span class='ocrx_word' id='word_1_44' title='bbox 494 793 527 854; x_wconf 88' lang='lat' dir='ltr'><strong>te</strong></span> <span class='ocrx_word' id='word_1_45' title='bbox 558 789 749 856; x_wconf 70' lang='lat' dir='ltr'><strong>mitteretur.</strong></span> <span class='ocrx_word' id='word_1_46' title='bbox 793 789 909 856; x_wconf 83' lang='lat' dir='ltr'><strong>Valete</strong></span> <span class='ocrx_word' id='word_1_47' title='bbox 946 791 1043 857; x_wconf 82' lang='lat' dir='ltr'><strong>ambo</strong></span> <span class='ocrx_word' id='word_1_48' title='bbox 1074 813 1201 876; x_wconf 89' lang='lat' dir='ltr'><strong>nosque</strong></span> 
     </span>
    </p>
   </div>
   <div class='ocr_carea' id='block_1_5' title="bbox 241 877 1200 956">
    <p class='ocr_par' dir='ltr' id='par_1_5' title="bbox 241 869 1316 956">
     <span class='ocr_line' id='line_1_8' title="bbox 241 877 1200 956; baseline -0.001 -11"><span class='ocrx_word' id='word_1_49' title='bbox 241 883 347 944; x_wconf 86' lang='lat' dir='ltr'><strong>emate</strong></span> <span class='ocrx_word' id='word_1_50' title='bbox 370 878 491 956; x_wconf 81' lang='lat' dir='ltr'><strong>ambos.</strong></span> <span class='ocrx_word' id='word_1_51' title='bbox 522 877 665 944; x_wconf 82' lang='lat' dir='ltr'><strong>Petavio.</strong></span> <span class='ocrx_word' id='word_1_52' title='bbox 686 877 727 944; x_wconf 85' lang='lat' dir='ltr'><strong>A.</strong></span> <span class='ocrx_word' id='word_1_53' title='bbox 750 878 780 944; x_wconf 85' lang='lat' dir='ltr'><strong>d</strong></span> <span class='ocrx_word' id='word_1_54' title='bbox 801 896 871 944; x_wconf 83' lang='lat' dir='ltr'>xlv.</span> <span class='ocrx_word' id='word_1_55' title='bbox 892 879 964 945; x_wconf 81' lang='lat' dir='ltr'><strong>Kal.</strong></span> <span class='ocrx_word' id='word_1_56' title='bbox 986 878 1075 944; x_wconf 88' lang='lat' dir='ltr'><strong>Maii.</strong></span> <span class='ocrx_word' id='word_1_57' title='bbox 1112 877 1200 948; x_wconf 87' lang='lat' dir='ltr'><strong>Nolo</strong></span> 
     </span>
    </p>
   </div>
   <div class='ocr_carea' id='block_1_6' title="bbox 241 965 1202 1476">
    <p class='ocr_par' dir='ltr' id='par_1_6' title="bbox 241 965 1202 1476">
     <span class='ocr_line' id='line_1_9' title="bbox 242 965 1199 1052; baseline 0 -20"><span class='ocrx_word' id='word_1_58' title='bbox 242 968 328 1032; x_wconf 88' lang='lat' dir='ltr'><strong>enim</strong></span> <span class='ocrx_word' id='word_1_59' title='bbox 350 967 455 1032; x_wconf 86' lang='lat' dir='ltr'><strong>facere</strong></span> <span class='ocrx_word' id='word_1_60' title='bbox 478 966 563 1052; x_wconf 90' lang='lat' dir='ltr'><strong>quod</strong></span> <span class='ocrx_word' id='word_1_61' title='bbox 585 969 631 1048; x_wconf 83' lang='lat' dir='ltr'><strong>tu,</strong></span> <span class='ocrx_word' id='word_1_62' title='bbox 654 965 710 1052; x_wconf 92' lang='lat' dir='ltr'><strong>qui</strong></span> <span class='ocrx_word' id='word_1_63' title='bbox 731 966 893 1032; x_wconf 88' lang='lat' dir='ltr'><strong>interdum</strong></span> <span class='ocrx_word' id='word_1_64' title='bbox 915 989 974 1051; x_wconf 89' lang='lat' dir='ltr'><strong>pro</strong></span> <span class='ocrx_word' id='word_1_65' title='bbox 996 966 1084 1033; x_wconf 81' lang='lat' dir='ltr'><strong>Maio</strong></span> <span class='ocrx_word' id='word_1_66' title='bbox 1102 967 1199 1052; x_wconf 75' lang='lat' dir='ltr'><strong>Apri·</strong></span> 
     </span>
     <span class='ocr_line' id='line_1_10' title="bbox 241 1054 1202 1140; baseline 0.001 -20"><span class='ocrx_word' id='word_1_67' title='bbox 241 1056 318 1139; x_wconf 87' lang='lat' dir='ltr'><strong>lem,</strong></span> <span class='ocrx_word' id='word_1_68' title='bbox 349 1077 408 1140; x_wconf 91' lang='lat' dir='ltr'><strong>pro</strong></span> <span class='ocrx_word' id='word_1_69' title='bbox 439 1072 576 1122; x_wconf 84' lang='lat' dir='ltr'>x.xv11.</span> <span class='ocrx_word' id='word_1_70' title='bbox 603 1054 708 1139; x_wconf 88' lang='lat' dir='ltr'><strong>ponis.</strong></span> <span class='ocrx_word' id='word_1_71' title='bbox 752 1054 865 1140; x_wconf 87' lang='lat' dir='ltr'><strong>Itaque</strong></span> <span class='ocrx_word' id='word_1_72' title='bbox 896 1055 1059 1121; x_wconf 86' lang='lat' dir='ltr'><strong>interdurn</strong></span> <span class='ocrx_word' id='word_1_73' title='bbox 1089 1055 1202 1122; x_wconf 83' lang='lat' dir='ltr'><strong>videor</strong></span> 
     </span>
     <span class='ocr_line' id='line_1_11' title="bbox 241 1143 1201 1228; baseline -0.002 -18"><span class='ocrx_word' id='word_1_74' title='bbox 241 1143 322 1210; x_wconf 89' lang='lat' dir='ltr'><strong>mihi</strong></span> <span class='ocrx_word' id='word_1_75' title='bbox 348 1144 490 1227; x_wconf 86' lang='lat' dir='ltr'><strong>accipere</strong></span> <span class='ocrx_word' id='word_1_76' title='bbox 516 1143 640 1208; x_wconf 83' lang='lat' dir='ltr'><strong>litteras</strong></span> <span class='ocrx_word' id='word_1_77' title='bbox 666 1147 740 1209; x_wconf 84' lang='lat' dir='ltr'><strong>tues</strong></span> <span class='ocrx_word' id='word_1_78' title='bbox 765 1159 814 1210; x_wconf 78' lang='lat' dir='ltr'><strong>xx</strong></span> <span class='ocrx_word' id='word_1_79' title='bbox 841 1143 953 1208; x_wconf 85' lang='lat' dir='ltr'><strong>diebus</strong></span> <span class='ocrx_word' id='word_1_80' title='bbox 978 1143 1058 1228; x_wconf 85' lang='lat' dir='ltr'><strong>ipsis</strong></span> <span class='ocrx_word' id='word_1_81' title='bbox 1085 1147 1201 1228; x_wconf 79' lang='lat' dir='ltr'><strong>poetes</strong></span> 
     </span>
     <span class='ocr_line' id='line_1_12' title="bbox 244 1231 1200 1318; baseline 0 -22"><span class='ocrx_word' id='word_1_82' title='bbox 244 1253 341 1318; x_wconf 86' lang='lat' dir='ltr'><strong>quam</strong></span> <span class='ocrx_word' id='word_1_83' title='bbox 368 1231 505 1316; x_wconf 75' lang='lat' dir='ltr'><strong>scriptae</strong></span> <span class='ocrx_word' id='word_1_84' title='bbox 533 1234 623 1314; x_wconf 80' lang='lat' dir='ltr'><strong>sunt3</strong></span> <span class='ocrx_word' id='word_1_85' title='bbox 655 1231 816 1298; x_wconf 88' lang='lat' dir='ltr'><strong>interdum</strong></span> <span class='ocrx_word' id='word_1_86' title='bbox 844 1235 957 1296; x_wconf 66' lang='lat' dir='ltr'><strong>conta</strong></span> <span class='ocrx_word' id='word_1_87' title='bbox 984 1253 1041 1297; x_wconf 86' lang='lat' dir='ltr'><strong>sex</strong></span> <span class='ocrx_word' id='word_1_88' title='bbox 1068 1235 1124 1296; x_wconf 87' lang='lat' dir='ltr'><strong>eut</strong></span> <span class='ocrx_word' id='word_1_89' title='bbox 1150 1253 1200 1298; x_wconf 85' lang='lat' dir='ltr'><strong>ee·</strong></span> 
     </span>
     <span class='ocr_line' id='line_1_13' title="bbox 242 1318 1202 1476; baseline 0.002 -92"><span class='ocrx_word' id='word_1_90' title='bbox 242 1322 331 1472; x_wconf 71' lang='lat' dir='ltr'><strong>qrtem</strong></span> <span class='ocrx_word' id='word_1_91' title='bbox 359 1318 472 1476; x_wconf 49' lang='lat' dir='ltr'><strong>diegus</strong></span> <span class='ocrx_word' id='word_1_92' title='bbox 499 1322 574 1386; x_wconf 78' lang='lat' dir='ltr'><strong>ante</strong></span> <span class='ocrx_word' id='word_1_93' title='bbox 601 1341 699 1406; x_wconf 88' lang='lat' dir='ltr'><strong>quem</strong></span> <span class='ocrx_word' id='word_1_94' title='bbox 721 1320 859 1405; x_wconf 86' lang='lat' dir='ltr'><strong>scriptae</strong></span> <span class='ocrx_word' id='word_1_95' title='bbox 882 1319 961 1406; x_wconf 84' lang='lat' dir='ltr'><strong>sint,</strong></span> <span class='ocrx_word' id='word_1_96' title='bbox 986 1319 1202 1405; x_wconf 85' lang='lat' dir='ltr'><strong>perferuntur.</strong></span> 
     </span>
     <span class='ocr_line' id='line_1_14' title="bbox 259 1411 467 1474; baseline 0.005 -2"><span class='ocrx_word' id='word_1_97' title='bbox 259 1411 365 1472; x_wconf 86' lang='lat' dir='ltr'><strong>terum</strong></span> <span class='ocrx_word' id='word_1_98' title='bbox 386 1429 407 1472; x_wconf 84' lang='lat' dir='ltr'>v</span> <span class='ocrx_word' id='word_1_99' title='bbox 439 1428 467 1474; x_wconf 90' lang='lat' dir='ltr'><strong>e.</strong></span> 
     </span>
    </p>
   </div>
   <div class='ocr_carea' id='block_1_7' title="bbox 650 1513 793 1524">
    <p class='ocr_par' dir='ltr' id='par_1_7' title="bbox 650 1513 793 1524">
     <span class='ocr_line' id='line_1_15' title="bbox 650 1513 793 1524; baseline 0.021 -3"><span class='ocrx_word' id='word_1_100' title='bbox 650 1513 793 1524; x_wconf 68' lang='lat' dir='ltr'><strong>-t—-n</strong></span> 
     </span>
    </p>
   </div>
   <div class='ocr_carea' id='block_1_8' title="bbox 563 1597 881 1778">
    <p class='ocr_par' dir='ltr' id='par_1_8' title="bbox 563 1597 881 1778">
     <span class='ocr_line' id='line_1_16' title="bbox 704 1597 743 1666; baseline 0 0"><span class='ocrx_word' id='word_1_101' title='bbox 704 1597 743 1666; x_wconf 85' lang='lat' dir='ltr'><strong>v.</strong></span> 
     </span>
     <span class='ocr_line' id='line_1_17' title="bbox 563 1719 881 1778; baseline 0.009 -3"><span class='ocrx_word' id='word_1_102' title='bbox 563 1719 680 1775; x_wconf 81' lang='lat' dir='ltr'><strong>amun</strong></span> <span class='ocrx_word' id='word_1_103' title='bbox 701 1720 881 1778; x_wconf 75' lang='lat' dir='ltr'><strong>marono</strong></span> 
     </span>
    </p>
   </div>
   <div class='ocr_carea' id='block_1_9' title="bbox 244 1845 1202 2197">
    <p class='ocr_par' dir='ltr' id='par_1_9' title="bbox 244 1845 1202 2197">
     <span class='ocr_line' id='line_1_18' title="bbox 311 1845 1202 1933; baseline 0.003 -23"><span class='ocrx_word' id='word_1_104' title='bbox 311 1845 391 1912; x_wconf 89' lang='lat' dir='ltr'><strong>Heri</strong></span> <span class='ocrx_word' id='word_1_105' title='bbox 412 1847 564 1931; x_wconf 81' lang='lat' dir='ltr'><strong>respondi</strong></span> <span class='ocrx_word' id='word_1_106' title='bbox 586 1847 628 1912; x_wconf 85' lang='lat' dir='ltr'><strong>ad</strong></span> <span class='ocrx_word' id='word_1_107' title='bbox 650 1868 704 1912; x_wconf 85' lang='lat' dir='ltr'><strong>ees</strong></span> <span class='ocrx_word' id='word_1_108' title='bbox 726 1845 865 1933; x_wconf 80' lang='lat' dir='ltr'><strong>litteras,</strong></span> <span class='ocrx_word' id='word_1_109' title='bbox 888 1867 967 1932; x_wconf 84' lang='lat' dir='ltr'><strong>ques</strong></span> <span class='ocrx_word' id='word_1_110' title='bbox 991 1868 1011 1912; x_wconf 79' lang='lat' dir='ltr'><strong>a</strong></span> <span class='ocrx_word' id='word_1_111' title='bbox 1035 1849 1069 1912; x_wconf 88' lang='lat' dir='ltr'><strong>te</strong></span> <span class='ocrx_word' id='word_1_112' title='bbox 1095 1846 1202 1932; x_wconf 87' lang='lat' dir='ltr'><strong>pridie</strong></span> 
     </span>
     <span class='ocr_line' id='line_1_19' title="bbox 246 1934 1200 2021; baseline 0.002 -23"><span class='ocrx_word' id='word_1_113' title='bbox 246 1955 439 2019; x_wconf 76' lang='lat' dir='ltr'><strong>acceperam,</strong></span> <span class='ocrx_word' id='word_1_114' title='bbox 461 1935 620 2021; x_wconf 86' lang='lat' dir='ltr'><strong>simulque</strong></span> <span class='ocrx_word' id='word_1_115' title='bbox 641 1934 716 1999; x_wconf 91' lang='lat' dir='ltr'><strong>misi</strong></span> <span class='ocrx_word' id='word_1_116' title='bbox 739 1934 779 1999; x_wconf 89' lang='lat' dir='ltr'><strong>ad</strong></span> <span class='ocrx_word' id='word_1_117' title='bbox 801 1938 833 1999; x_wconf 90' lang='lat' dir='ltr'><strong>te</strong></span> <span class='ocrx_word' id='word_1_118' title='bbox 852 1935 979 2000; x_wconf 87' lang='lat' dir='ltr'><strong>chartas</strong></span> <span class='ocrx_word' id='word_1_119' title='bbox 1002 1935 1125 2021; x_wconf 81' lang='lat' dir='ltr'><strong>aliquot</strong></span> <span class='ocrx_word' id='word_1_120' title='bbox 1138 1934 1200 2002; x_wconf 83' lang='lat' dir='ltr'><strong>Oa·</strong></span> 
     </span>
     <span class='ocr_line' id='line_1_20' title="bbox 244 2021 1200 2109; baseline 0.001 -23"><span class='ocrx_word' id='word_1_121' title='bbox 244 2022 326 2086; x_wconf 86' lang='lat' dir='ltr'><strong>tulli.</strong></span> <span class='ocrx_word' id='word_1_122' title='bbox 370 2021 443 2109; x_wconf 77' lang='lat' dir='ltr'><strong>Ego</strong></span> <span class='ocrx_word' id='word_1_123' title='bbox 475 2026 604 2088; x_wconf 86' lang='lat' dir='ltr'><strong>strenue</strong></span> <span class='ocrx_word' id='word_1_124' title='bbox 631 2044 745 2108; x_wconf 82' lang='lat' dir='ltr'><strong>urge03</strong></span> <span class='ocrx_word' id='word_1_125' title='bbox 777 2023 833 2088; x_wconf 87' lang='lat' dir='ltr'><strong>sed</strong></span> <span class='ocrx_word' id='word_1_126' title='bbox 859 2024 914 2088; x_wconf 79' lang='lat' dir='ltr'><strong>vix</strong></span> <span class='ocrx_word' id='word_1_127' title='bbox 945 2023 1069 2107; x_wconf 80' lang='lat' dir='ltr'><strong>credas,</strong></span> <span class='ocrx_word' id='word_1_128' title='bbox 1100 2045 1200 2108; x_wconf 88' lang='lat' dir='ltr'><strong>quem</strong></span> 
     </span>
     <span class='ocr_line' id='line_1_21' title="bbox 245 2111 1202 2197; baseline 0.005 -24"><span class='ocrx_word' id='word_1_129' title='bbox 245 2111 348 2174; x_wconf 84' lang='lat' dir='ltr'><strong>multa</strong></span> <span class='ocrx_word' id='word_1_130' title='bbox 379 2111 521 2196; x_wconf 90' lang='lat' dir='ltr'><strong>quotidie</strong></span> <span class='ocrx_word' id='word_1_131' title='bbox 551 2111 708 2197; x_wconf 80' lang='lat' dir='ltr'><strong>incidant,</strong></span> <span class='ocrx_word' id='word_1_132' title='bbox 744 2132 826 2196; x_wconf 85' lang='lat' dir='ltr'><strong>quae</strong></span> <span class='ocrx_word' id='word_1_133' title='bbox 857 2133 986 2178; x_wconf 90' lang='lat' dir='ltr'><strong>cursum</strong></span> <span class='ocrx_word' id='word_1_134' title='bbox 1020 2111 1202 2195; x_wconf 89' lang='lat' dir='ltr'><strong>impediunt</strong></span> 
     </span>
    </p>
   </div>
   <div class='ocr_carea' id='block_1_10' title="bbox 245 2198 1311 2284">
    <p class='ocr_par' dir='ltr' id='par_1_10' title="bbox 245 2198 1311 2284">
     <span class='ocr_line' id='line_1_22' title="bbox 245 2198 1311 2284; baseline 0.005 -20"><span class='ocrx_word' id='word_1_135' title='bbox 245 2219 361 2265; x_wconf 88' lang='lat' dir='ltr'><strong>meum.</strong></span> <span class='ocrx_word' id='word_1_136' title='bbox 406 2198 485 2266; x_wconf 84' lang='lat' dir='ltr'><strong>Ores</strong></span> <span class='ocrx_word' id='word_1_137' title='bbox 508 2203 657 2283; x_wconf 87' lang='lat' dir='ltr'><strong>exspecto</strong></span> <span class='ocrx_word' id='word_1_138' title='bbox 681 2222 701 2264; x_wconf 86' lang='lat' dir='ltr'><strong>a</strong></span> <span class='ocrx_word' id='word_1_139' title='bbox 721 2202 767 2282; x_wconf 88' lang='lat' dir='ltr'><strong>te,</strong></span> <span class='ocrx_word' id='word_1_140' title='bbox 790 2203 947 2283; x_wconf 84' lang='lat' dir='ltr'><strong>quantum</strong></span> <span class='ocrx_word' id='word_1_141' title='bbox 972 2200 1060 2284; x_wconf 83' lang='lat' dir='ltr'><strong>typis</strong></span> <span class='ocrx_word' id='word_1_142' title='bbox 1083 2198 1199 2265; x_wconf 86' lang='lat' dir='ltr'><strong>descri-</strong></span> <span class='ocrx_word' id='word_1_143' title='bbox 1308 2264 1311 2270; x_wconf 80' lang='grc'>,</span> 
     </span>
    </p>
   </div>
   <div class='ocr_carea' id='block_1_11' title="bbox 207 2286 1208 3604">
    <p class='ocr_par' dir='ltr' id='par_1_11' title="bbox 207 2286 1208 3604">
     <span class='ocr_line' id='line_1_23' title="bbox 245 2286 1202 2371; baseline 0.002 -19"><span class='ocrx_word' id='word_1_144' title='bbox 245 2291 338 2371; x_wconf 84' lang='lat' dir='ltr'><strong>ptum</strong></span> <span class='ocrx_word' id='word_1_145' title='bbox 360 2289 429 2354; x_wconf 90' lang='lat' dir='ltr'><strong>erit.</strong></span> <span class='ocrx_word' id='word_1_146' title='bbox 464 2287 528 2354; x_wconf 78' lang='lat' dir='ltr'><strong>Est</strong></span> <span class='ocrx_word' id='word_1_147' title='bbox 549 2288 647 2352; x_wconf 83' lang='lat' dir='ltr'><strong>etiam</strong></span> <span class='ocrx_word' id='word_1_148' title='bbox 671 2286 766 2370; x_wconf 83' lang='lat' dir='ltr'><strong>aliud,</strong></span> <span class='ocrx_word' id='word_1_149' title='bbox 789 2287 874 2371; x_wconf 90' lang='lat' dir='ltr'><strong>quod</strong></span> <span class='ocrx_word' id='word_1_150' title='bbox 896 2287 977 2354; x_wconf 89' lang='lat' dir='ltr'><strong>mihi</strong></span> <span class='ocrx_word' id='word_1_151' title='bbox 999 2310 1019 2353; x_wconf 87' lang='lat' dir='ltr'><strong>a</strong></span> <span class='ocrx_word' id='word_1_152' title='bbox 1039 2290 1073 2352; x_wconf 85' lang='lat' dir='ltr'><strong>te</strong></span> <span class='ocrx_word' id='word_1_153' title='bbox 1096 2289 1202 2354; x_wconf 84' lang='lat' dir='ltr'><strong>curari</strong></span> 
     </span>
     <span class='ocr_line' id='line_1_24' title="bbox 245 2373 1201 2458; baseline 0.001 -18"><span class='ocrx_word' id='word_1_154' title='bbox 245 2376 407 2458; x_wconf 82' lang='lat' dir='ltr'><strong>pervelim.</strong></span> <span class='ocrx_word' id='word_1_155' title='bbox 443 2373 593 2440; x_wconf 77' lang='lat' dir='ltr'><strong>Lambini</strong></span> <span class='ocrx_word' id='word_1_156' title='bbox 614 2374 837 2458; x_wconf 68' lang='lat' dir='ltr'><strong>interpretatio</strong></span> <span class='ocrx_word' id='word_1_157' title='bbox 849 2431 852 2436; x_wconf 17' lang='grc' dir='ltr'><strong>Α</strong></span> <span class='ocrx_word' id='word_1_158' title='bbox 865 2375 1021 2442; x_wconf 89' lang='lat' dir='ltr'><strong>librorum</strong></span> <span class='ocrx_word' id='word_1_159' title='bbox 1042 2376 1082 2442; x_wconf 92' lang='lat' dir='ltr'><strong>de</strong></span> <span class='ocrx_word' id='word_1_160' title='bbox 1102 2377 1201 2442; x_wconf 92' lang='lat' dir='ltr'><strong>mori·</strong></span> 
     </span>
     <span class='ocr_line' id='line_1_25' title="bbox 246 2462 1203 2549; baseline 0.001 -22"><span class='ocrx_word' id='word_1_161' title='bbox 246 2462 307 2527; x_wconf 88' lang='lat' dir='ltr'><strong>bus</strong></span> <span class='ocrx_word' id='word_1_162' title='bbox 329 2462 421 2528; x_wconf 80' lang='lat' dir='ltr'><strong>valde</strong></span> <span class='ocrx_word' id='word_1_163' title='bbox 444 2484 464 2527; x_wconf 90' lang='lat' dir='ltr'><strong>a</strong></span> <span class='ocrx_word' id='word_1_164' title='bbox 485 2483 537 2527; x_wconf 90' lang='lat' dir='ltr'><strong>me</strong></span> <span class='ocrx_word' id='word_1_165' title='bbox 560 2462 773 2528; x_wconf 87' lang='lat' dir='ltr'><strong>desideratur:</strong></span> <span class='ocrx_word' id='word_1_166' title='bbox 796 2466 829 2528; x_wconf 88' lang='lat' dir='ltr'><strong>et</strong></span> <span class='ocrx_word' id='word_1_167' title='bbox 851 2463 914 2529; x_wconf 88' lang='lat' dir='ltr'><strong>sois</strong></span> <span class='ocrx_word' id='word_1_168' title='bbox 936 2485 997 2548; x_wconf 90' lang='lat' dir='ltr'><strong>me,</strong></span> <span class='ocrx_word' id='word_1_169' title='bbox 1020 2485 1117 2549; x_wconf 88' lang='lat' dir='ltr'><strong>quarn</strong></span> <span class='ocrx_word' id='word_1_170' title='bbox 1139 2463 1203 2528; x_wconf 83' lang='lat' dir='ltr'><strong>eim</strong></span> 
     </span>
     <span class='ocr_line' id='line_1_26' title="bbox 245 2548 1203 2637; baseline 0.003 -23"><span class='ocrx_word' id='word_1_171' title='bbox 245 2550 282 2614; x_wconf 88' lang='lat' dir='ltr'><strong>in</strong></span> <span class='ocrx_word' id='word_1_172' title='bbox 303 2550 365 2616; x_wconf 91' lang='lat' dir='ltr'><strong>hoe</strong></span> <span class='ocrx_word' id='word_1_173' title='bbox 387 2571 504 2636; x_wconf 85' lang='lat' dir='ltr'><strong>genere</strong></span> <span class='ocrx_word' id='word_1_174' title='bbox 525 2550 706 2635; x_wconf 85' lang='lat' dir='ltr'><strong>impatiens.</strong></span> <span class='ocrx_word' id='word_1_175' title='bbox 737 2548 800 2616; x_wconf 87' lang='lat' dir='ltr'><strong>Vel</strong></span> <span class='ocrx_word' id='word_1_176' title='bbox 820 2551 1007 2637; x_wconf 81' lang='lat' dir='ltr'><strong>ignotorum</strong></span> <span class='ocrx_word' id='word_1_177' title='bbox 1032 2552 1203 2618; x_wconf 88' lang='lat' dir='ltr'><strong>hominum</strong></span> 
     </span>
     <span class='ocr_line' id='line_1_27' title="bbox 246 2637 1203 2724; baseline 0.002 -22"><span class='ocrx_word' id='word_1_178' title='bbox 246 2638 346 2703; x_wconf 87' lang='lat' dir='ltr'><strong>libros</strong></span> <span class='ocrx_word' id='word_1_179' title='bbox 373 2637 421 2704; x_wconf 84' lang='lat' dir='ltr'><strong>ita</strong></span> <span class='ocrx_word' id='word_1_180' title='bbox 447 2639 596 2704; x_wconf 81' lang='lat' dir='ltr'><strong>ardenter</strong></span> <span class='ocrx_word' id='word_1_181' title='bbox 623 2643 773 2724; x_wconf 89' lang='lat' dir='ltr'><strong>appetere</strong></span> <span class='ocrx_word' id='word_1_182' title='bbox 800 2641 903 2724; x_wconf 85' lang='lat' dir='ltr'><strong>soleo,</strong></span> <span class='ocrx_word' id='word_1_183' title='bbox 929 2643 967 2705; x_wconf 91' lang='lat' dir='ltr'><strong>ut</strong></span> <span class='ocrx_word' id='word_1_184' title='bbox 989 2641 1094 2706; x_wconf 88' lang='lat' dir='ltr'><strong>omnis</strong></span> <span class='ocrx_word' id='word_1_185' title='bbox 1120 2639 1203 2704; x_wconf 90' lang='lat' dir='ltr'><strong>mihi</strong></span> 
     </span>
     <span class='ocr_line' id='line_1_28' title="bbox 247 2726 1202 2813; baseline 0.004 -23"><span class='ocrx_word' id='word_1_186' title='bbox 247 2726 391 2792; x_wconf 83' lang='lat' dir='ltr'><strong>celeritas</strong></span> <span class='ocrx_word' id='word_1_187' title='bbox 413 2727 506 2792; x_wconf 88' lang='lat' dir='ltr'><strong>tarda</strong></span> <span class='ocrx_word' id='word_1_188' title='bbox 527 2748 597 2792; x_wconf 85' lang='lat' dir='ltr'><strong>esee</strong></span> <span class='ocrx_word' id='word_1_189' title='bbox 610 2728 769 2793; x_wconf 80' lang='lat' dir='ltr'><strong>videatur:</strong></span> <span class='ocrx_word' id='word_1_190' title='bbox 791 2727 910 2794; x_wconf 89' lang='lat' dir='ltr'><strong>nedum</strong></span> <span class='ocrx_word' id='word_1_191' title='bbox 922 2728 984 2793; x_wconf 88' lang='lat' dir='ltr'><strong>hoc</strong></span> <span class='ocrx_word' id='word_1_192' title='bbox 997 2749 1105 2794; x_wconf 86' lang='lat' dir='ltr'><strong>carere</strong></span> <span class='ocrx_word' id='word_1_193' title='bbox 1127 2748 1202 2813; x_wconf 89' lang='lat' dir='ltr'><strong>pos·</strong></span> 
     </span>
     <span class='ocr_line' id='line_1_29' title="bbox 248 2814 1204 2901; baseline 0.004 -23"><span class='ocrx_word' id='word_1_194' title='bbox 248 2814 318 2898; x_wconf 85' lang='lat' dir='ltr'><strong>sim,</strong></span> <span class='ocrx_word' id='word_1_195' title='bbox 341 2815 396 2900; x_wconf 89' lang='lat' dir='ltr'><strong>qui</strong></span> <span class='ocrx_word' id='word_1_196' title='bbox 419 2819 452 2880; x_wconf 89' lang='lat' dir='ltr'><strong>et</strong></span> <span class='ocrx_word' id='word_1_197' title='bbox 472 2815 612 2883; x_wconf 86' lang='lat' dir='ltr'><strong>hominis</strong></span> <span class='ocrx_word' id='word_1_198' title='bbox 636 2816 731 2882; x_wconf 87' lang='lat' dir='ltr'><strong>amici</strong></span> <span class='ocrx_word' id='word_1_199' title='bbox 753 2818 811 2899; x_wconf 88' lang='lat' dir='ltr'><strong>est,</strong></span> <span class='ocrx_word' id='word_1_200' title='bbox 833 2815 978 2881; x_wconf 86' lang='lat' dir='ltr'><strong>ethabet</strong></span> <span class='ocrx_word' id='word_1_201' title='bbox 998 2817 1204 2901; x_wconf 81' lang='lat' dir='ltr'><strong>percrebrem</strong></span> 
     </span>
     <span class='ocr_line' id='line_1_30' title="bbox 246 2903 1203 2989; baseline 0 -21"><span class='ocrx_word' id='word_1_202' title='bbox 246 2924 366 2989; x_wconf 86' lang='lat' dir='ltr'><strong>perque</strong></span> <span class='ocrx_word' id='word_1_203' title='bbox 391 2903 601 2970; x_wconf 88' lang='lat' dir='ltr'><strong>honorificam</strong></span> <span class='ocrx_word' id='word_1_204' title='bbox 627 2904 825 2970; x_wconf 87' lang='lat' dir='ltr'><strong>mentionem</strong></span> <span class='ocrx_word' id='word_1_205' title='bbox 846 2904 919 2969; x_wconf 90' lang='lat' dir='ltr'><strong>mei.</strong></span> <span class='ocrx_word' id='word_1_206' title='bbox 963 2903 1104 2971; x_wconf 81' lang='lat' dir='ltr'><strong>Misiad</strong></span> <span class='ocrx_word' id='word_1_207' title='bbox 1125 2903 1203 2969; x_wconf 82' lang='lat' dir='ltr'><strong>Vel-</strong></span> 
     </span>
     <span class='ocr_line' id='line_1_31' title="bbox 247 2991 1203 3078; baseline -0.001 -21"><span class='ocrx_word' id='word_1_208' title='bbox 247 2992 373 3076; x_wconf 79' lang='lat' dir='ltr'><strong>grieios,</strong></span> <span class='ocrx_word' id='word_1_209' title='bbox 396 2993 451 3078; x_wconf 90' lang='lat' dir='ltr'><strong>qui</strong></span> <span class='ocrx_word' id='word_1_210' title='bbox 470 2995 603 3057; x_wconf 89' lang='lat' dir='ltr'><strong>emeret:</strong></span> <span class='ocrx_word' id='word_1_211' title='bbox 627 2992 766 3057; x_wconf 89' lang='lat' dir='ltr'><strong>caussati</strong></span> <span class='ocrx_word' id='word_1_212' title='bbox 789 2996 874 3075; x_wconf 87' lang='lat' dir='ltr'><strong>sunt,</strong></span> <span class='ocrx_word' id='word_1_213' title='bbox 894 2991 1123 3058; x_wconf 84' lang='lat' dir='ltr'><strong>nondumeese</strong></span> <span class='ocrx_word' id='word_1_214' title='bbox 1147 2993 1203 3056; x_wconf 87' lang='lat' dir='ltr'><strong>ab·</strong></span> 
     </span>
     <span class='ocr_line' id='line_1_32' title="bbox 207 3077 1203 3165; baseline 0 -20"><span class='ocrx_word' id='word_1_215' title='bbox 207 3127 209 3131; x_wconf 89' lang='lat'>-</span> <span class='ocrx_word' id='word_1_216' title='bbox 247 3080 397 3146; x_wconf 87' lang='lat' dir='ltr'><strong>solutum.</strong></span> <span class='ocrx_word' id='word_1_217' title='bbox 423 3080 496 3165; x_wconf 83' lang='lat' dir='ltr'><strong>Ego</strong></span> <span class='ocrx_word' id='word_1_218' title='bbox 520 3083 628 3145; x_wconf 86' lang='lat' dir='ltr'><strong>eutem</strong></span> <span class='ocrx_word' id='word_1_219' title='bbox 649 3081 723 3145; x_wconf 83' lang='lat' dir='ltr'><strong>illos</strong></span> <span class='ocrx_word' id='word_1_220' title='bbox 746 3080 876 3145; x_wconf 89' lang='lat' dir='ltr'><strong>mentiri</strong></span> <span class='ocrx_word' id='word_1_221' title='bbox 899 3081 973 3146; x_wconf 88' lang='lat' dir='ltr'><strong>scio.</strong></span> <span class='ocrx_word' id='word_1_222' title='bbox 1000 3077 1087 3146; x_wconf 87' lang='lat' dir='ltr'><strong>Nam</strong></span> <span class='ocrx_word' id='word_1_223' title='bbox 1108 3078 1203 3145; x_wconf 83' lang='lat' dir='ltr'><strong>Lam-</strong></span> 
     </span>
     <span class='ocr_line' id='line_1_33' title="bbox 247 3166 1204 3252; baseline 0.003 -23"><span class='ocrx_word' id='word_1_224' title='bbox 247 3166 343 3232; x_wconf 89' lang='lat' dir='ltr'><strong>binus</strong></span> <span class='ocrx_word' id='word_1_225' title='bbox 364 3168 435 3250; x_wconf 88' lang='lat' dir='ltr'><strong>ipse</strong></span> <span class='ocrx_word' id='word_1_226' title='bbox 458 3166 499 3230; x_wconf 82' lang='lat' dir='ltr'><strong>ed</strong></span> <span class='ocrx_word' id='word_1_227' title='bbox 521 3189 586 3249; x_wconf 90' lang='lat' dir='ltr'><strong>me,</strong></span> <span class='ocrx_word' id='word_1_228' title='bbox 612 3168 679 3232; x_wconf 87' lang='lat' dir='ltr'><strong>iem</strong></span> <span class='ocrx_word' id='word_1_229' title='bbox 702 3172 875 3252; x_wconf 86' lang='lat' dir='ltr'><strong>antequam</strong></span> <span class='ocrx_word' id='word_1_230' title='bbox 901 3169 998 3234; x_wconf 87' lang='lat' dir='ltr'><strong>istinc</strong></span> <span class='ocrx_word' id='word_1_231' title='bbox 1018 3168 1204 3252; x_wconf 78' lang='lat' dir='ltr'><strong>discederet,</strong></span> 
     </span>
     <span class='ocr_line' id='line_1_34' title="bbox 248 3254 1205 3341; baseline 0.002 -23"><span class='ocrx_word' id='word_1_232' title='bbox 248 3254 422 3338; x_wconf 80' lang='lat' dir='ltr'><strong>scripserat</strong></span> <span class='ocrx_word' id='word_1_233' title='bbox 457 3254 640 3319; x_wconf 87' lang='lat' dir='ltr'><strong>absolutum</strong></span> <span class='ocrx_word' id='word_1_234' title='bbox 672 3275 751 3319; x_wconf 87' lang='lat' dir='ltr'><strong>esse.</strong></span> <span class='ocrx_word' id='word_1_235' title='bbox 794 3254 908 3339; x_wconf 88' lang='lat' dir='ltr'><strong>Neque</strong></span> <span class='ocrx_word' id='word_1_236' title='bbox 939 3277 1015 3321; x_wconf 87' lang='lat' dir='ltr'><strong>vero</strong></span> <span class='ocrx_word' id='word_1_237' title='bbox 1051 3259 1205 3341; x_wconf 77' lang='lat' dir='ltr'><strong>exputare</strong></span> 
     </span>
     <span class='ocr_line' id='line_1_35' title="bbox 247 3341 1206 3429; baseline 0.002 -23"><span class='ocrx_word' id='word_1_238' title='bbox 247 3364 390 3426; x_wconf 85' lang='lat' dir='ltr'><strong>possum,</strong></span> <span class='ocrx_word' id='word_1_239' title='bbox 412 3363 469 3407; x_wconf 88' lang='lat' dir='ltr'><strong>cur</strong></span> <span class='ocrx_word' id='word_1_240' title='bbox 489 3345 618 3426; x_wconf 85' lang='lat' dir='ltr'><strong>negent.</strong></span> <span class='ocrx_word' id='word_1_241' title='bbox 655 3341 796 3408; x_wconf 87' lang='lat' dir='ltr'><strong>Obsecro</strong></span> <span class='ocrx_word' id='word_1_242' title='bbox 817 3346 865 3426; x_wconf 86' lang='lat' dir='ltr'><strong>te,</strong></span> <span class='ocrx_word' id='word_1_243' title='bbox 887 3343 979 3408; x_wconf 89' lang='lat' dir='ltr'><strong>mitte</strong></span> <span class='ocrx_word' id='word_1_244' title='bbox 1002 3343 1142 3429; x_wconf 84' lang='lat' dir='ltr'><strong>aliquem</strong></span> <span class='ocrx_word' id='word_1_245' title='bbox 1165 3343 1206 3408; x_wconf 92' lang='lat' dir='ltr'><strong>de</strong></span> 
     </span>
     <span class='ocr_line' id='line_1_36' title="bbox 247 3430 1206 3516; baseline 0.004 -22"><span class='ocrx_word' id='word_1_246' title='bbox 247 3431 322 3514; x_wconf 84' lang='lat' dir='ltr'><strong>tuis,</strong></span> <span class='ocrx_word' id='word_1_247' title='bbox 345 3430 401 3515; x_wconf 90' lang='lat' dir='ltr'><strong>qui</strong></span> <span class='ocrx_word' id='word_1_248' title='bbox 423 3433 518 3514; x_wconf 84' lang='lat' dir='ltr'><strong>emet,</strong></span> <span class='ocrx_word' id='word_1_249' title='bbox 540 3431 587 3494; x_wconf 88' lang='lat' dir='ltr'><strong>ita</strong></span> <span class='ocrx_word' id='word_1_250' title='bbox 609 3433 728 3514; x_wconf 88' lang='lat' dir='ltr'><strong>tamen,</strong></span> <span class='ocrx_word' id='word_1_251' title='bbox 750 3433 850 3495; x_wconf 86' lang='lat' dir='ltr'><strong>utne</strong></span> <span class='ocrx_word' id='word_1_252' title='bbox 872 3452 924 3495; x_wconf 93' lang='lat' dir='ltr'><strong>me</strong></span> <span class='ocrx_word' id='word_1_253' title='bbox 946 3432 1101 3498; x_wconf 85' lang='lat' dir='ltr'><strong>nominet</strong></span> <span class='ocrx_word' id='word_1_254' title='bbox 1131 3431 1206 3516; x_wconf 82' lang='lat' dir='ltr'><strong>Ego</strong></span> 
     </span>
     <span class='ocr_line' id='line_1_37' title="bbox 248 3518 1208 3604; baseline 0.004 -22"><span class='ocrx_word' id='word_1_255' title='bbox 248 3539 323 3584; x_wconf 86' lang='lat' dir='ltr'><strong>mox</strong></span> <span class='ocrx_word' id='word_1_256' title='bbox 351 3519 392 3584; x_wconf 89' lang='lat' dir='ltr'><strong>ad</strong></span> <span class='ocrx_word' id='word_1_257' title='bbox 418 3522 451 3583; x_wconf 91' lang='lat' dir='ltr'><strong>te</strong></span> <span class='ocrx_word' id='word_1_258' title='bbox 482 3519 665 3602; x_wconf 84' lang='lat' dir='ltr'><strong>pecuniam,</strong></span> <span class='ocrx_word' id='word_1_259' title='bbox 694 3518 806 3603; x_wconf 83' lang='lat' dir='ltr'><strong>quanti</strong></span> <span class='ocrx_word' id='word_1_260' title='bbox 835 3522 939 3584; x_wconf 89' lang='lat' dir='ltr'><strong>emtus</strong></span> <span class='ocrx_word' id='word_1_261' title='bbox 967 3520 1041 3604; x_wconf 87' lang='lat' dir='ltr'><strong>erit,</strong></span> <span class='ocrx_word' id='word_1_262' title='bbox 1067 3520 1208 3586; x_wconf 88' lang='lat' dir='ltr'><strong>mittam.</strong></span> 
     </span>
    </p>
   </div>
   <div class='ocr_carea' id='block_1_12' title="bbox 0 0 1342 3910">
    <p class='ocr_par' dir='ltr' id='par_1_12' title="bbox 0 0 1342 3910">
     <span class='ocr_line' id='line_1_38' title="bbox 0 0 1342 3910; baseline 0 0"><span class='ocrx_word' id='word_1_263' title='bbox 0 0 1342 3910; x_wconf 95' lang='lat' dir='ltr'><strong> </strong></span> 
     </span>
    </p>
   </div>
  </div>
 </body>
</html>
