2658 3914
477 226 595 282 CAPUT
613 226 738 281 XXXIII.
1020 225 1082 288 163

129 371 329 456 eloquentiae
353 370 467 435 studiis
491 369 615 435 deditus
638 369 750 452 fuisse,
773 372 900 434 etcum
924 390 1019 452 saepe
1037 369 1083 433 di-

127 459 216 612 ta
238 456 949 632 atstandandans
980 458 1085 608 ala

128 637 236 698 autem
259 635 382 699 excelso
396 633 445 699 vir
459 636 492 698 et
504 634 588 698 elato
602 634 720 716 animo,
744 633 861 718 quique
885 632 923 696 de
939 655 972 697 sc
985 633 1084 697 inter-

129 722 205 786 dum
226 721 492 807 magnificentius,
515 743 611 806 quam
625 721 713 805 vulgi
735 742 828 784 aures
851 721 988 786 libenter
1000 720 1084 784 ferre

128 812 274 894 possent,
287 809 493 893 praedicaret.
521 809 634 894 Itaque
649 808 910 873 numerationem
924 808 962 871 de
977 811 1085 872 statua

130 896 193 962 sibi
219 897 260 961 ab
287 896 538 962 Atheniensibus
564 897 672 982 posIta
699 896 850 961 adversus
873 895 1085 960 Harmodium

131 983 290 1068 quendam
313 1005 330 1048 e
348 986 464 1048 veteris
482 985 568 1049 illius
586 983 805 1067 tyrannicidae
827 983 965 1067 posteris
987 983 1084 1046 habe-

129 1074 188 1155 ret,
210 1073 312 1135 multa
334 1070 415 1136 dixit
437 1071 475 1135 de
499 1093 532 1136 se
554 1072 626 1155 ipso
650 1071 794 1136 animose
817 1073 849 1134 et
875 1092 975 1154 prope
998 1092 1085 1136 arro·

130 1161 257 1243 genter:
271 1161 308 1222 ut
321 1157 494 1243 Dionysius
507 1157 771 1224 Halicarnasseus
778 1156 804 1244 ¹)
823 1179 890 1223 non
904 1159 966 1223 alio
980 1159 1085 1243 magis

131 1249 321 1331 argumento
343 1247 496 1312 refellerit
518 1268 587 1331 eos,
610 1247 665 1331 qui
687 1247 864 1312 orationem
885 1247 975 1311 illam
998 1247 1084 1331 Iphi-

130 1335 211 1399 crati
233 1334 363 1419 aLysia
385 1334 537 1419 scriptam
560 1357 630 1400 esse
653 1334 814 1419 dicebant,
838 1357 934 1420 quam
957 1335 1042 1420 quod
1066 1358 1085 1400 a

130 1421 244 1506 Lysiae
271 1422 489 1488 moderatione
515 1423 652 1488 nimium
678 1424 774 1508 longe
801 1424 936 1488 abesset.
985 1423 1025 1487 In
1048 1445 1085 1488 ea

129 1510 191 1574 hoe
214 1509 307 1594 dixit,
330 1511 415 1595 quod
438 1510 636 1576 adversarius
660 1510 787 1595 generis
810 1511 861 1575 sui
881 1510 1085 1575 nobilitatem

130 1597 286 1661 extollens
312 1597 398 1662 illius
421 1598 648 1662 obscuritatem
671 1602 704 1660 et
725 1597 960 1681 ignobilitatem
979 1599 1085 1682 exagi-

130 1686 268 1767 taverat,
289 1689 325 1747 nt
345 1685 470 1766 qaisqne
482 1685 593 1749 viriato
606 1686 740 1748 maxime
749 1689 921 1765 praestaret
932 1685 978 1748 ita
999 1686 1085 1750 nobi-

132 1771 284 1836 lissimam
306 1791 375 1836 esse.
421 1771 507 1835 Nam
528 1792 567 1836 ne
588 1771 798 1836 Harmodium
820 1772 942 1853 quidem
964 1777 993 1837 et
1008 1773 1085 1838 Ari·

131 1859 307 1941 stopitonem
328 1858 442 1924 nobiles
462 1859 558 1938 fnisse
574 1860 680 1941 mian,
702 1879 796 1941 qnam
808 1859 1009 1940 praeclaram
1026 1862 1085 1924 ali·

131 1947 208 2028 qaid
232 1943 479 2032 desipnassmd).
522 1947 606 2011 Item
627 1947 721 2011 illud:
748 1967 779 2012 se
804 1949 952 2012 maiorem
978 1948 1087 2014 mane

131 2034 339 2116 eopnationem
366 2054 435 2099 eam
461 2035 539 2112 illis,
571 2055 664 2116 qnam
689 2036 793 2118 mam
823 2035 926 2118 iliam,
957 2056 1086 2117 qnomm

131 2122 330 2200 contenderet,
361 2141 420 2204 qno
446 2141 517 2199 sna,
549 2142 642 2203 qnam
668 2122 755 2186 illins
780 2123 866 2202 facta
886 2125 1017 2204 propias
1044 2125 1088 2189 ad

131 2229 235 2274 mnam
254 2210 389 2294 planiam
410 2206 622 2293 maderent).
666 2210 719 2293 Et,
741 2211 885 2275 Macram
902 2211 1047 2277 nobilitas
1064 2233 1086 2276 a

131 2318 178 2362 me
204 2298 344 2381 impet:
372 2303 495 2363 monim
514 2298 561 2363 ,in
592 2303 620 2364 te
646 2296 801 2385 desinet).
856 2296 945 2374 Quae
977 2300 1086 2364 omnia

131 2385 275 2449 imitatus
302 2387 365 2469 est,
393 2386 573 2471 quicunque
602 2385 731 2471 scripsit
758 2386 1023 2452 declamationem
1050 2388 1086 2452 in

132 2469 327 2537 Sallustium.
373 2471 435 2539 Sed
458 2476 490 2538 et
512 2495 551 2538 ex
565 2474 675 2538 eadem
698 2475 842 2540 oratione
864 2474 945 2539 haec
966 2477 1084 2559 reperi:

131 2558 169 2624 Si
191 2559 292 2642 qualis
305 2580 356 2643 epo
369 2580 446 2639 snm,
470 2562 544 2626 tales
557 2562 640 2627 vobis
657 2568 767 2644 cepam
789 2565 985 2645 imperatores
1005 2564 1085 2644 fiab-

130 2652 208 2725 sent,
239 2649 357 2713 deserta
386 2649 451 2712 iam
478 2654 553 2716 esset
578 2654 606 2714 ct
630 2651 748 2716 incnlta
774 2651 991 2716 Lamdaemon.
1040 2651 1086 2715 Et

131 2755 204 2799 cum
227 2735 264 2800 de
287 2733 463 2802 Harmodio
487 2741 522 2801 et
541 2735 763 2823 Aristogitone
791 2741 914 2823 ageret:
939 2737 1084 2818 oanan,

129 2823 249 2909 inquit,
270 2825 372 2907 epesi
399 2825 580 2908 temporibus
605 2827 746 2906 finissem,
773 2832 830 2890 ant
854 2827 1085 2907 assumpsissem

130 2930 179 2975 eos
201 2912 244 2974 ad
263 2912 433 2976 societatem
450 2914 607 2994 praeclari
628 2914 716 2977 illias
737 2914 849 2993 operis,
878 2917 936 2976 ant
959 2913 1024 2994 ipse
1046 2914 1085 2978 ab

129 2997 173 3062 eis
195 2998 309 3063 ascitas
330 3018 431 3064 essem
475 2999 529 3081 Et,
556 2999 616 3064 Vos
627 3000 758 3080 fortasse
770 2999 970 3064 Athenienses
991 3001 1085 3064 istam

129 3083 208 3150 mibi
238 3086 413 3150 colamnam
446 3091 477 3150 et
510 3088 587 3150 istas
622 3087 657 3151 in
692 3106 729 3150 ea
764 3087 930 3168 incomptas
967 3087 1085 3152 litteras

127 3173 323 3255 mandaram
348 3173 496 3256 quiddam
527 3178 558 3237 et
581 3173 764 3256 ploriatione
794 3173 921 3258 dipnnm
950 3195 973 3241 a
1001 3175 1084 3241 vobis

202 3329 222 3398 ¹)
240 3329 325 3384 ludio.
345 3329 380 3384 de
398 3327 461 3398 Lyn.
480 3346 507 3398 p.
523 3334 583 3384 478.
601 3329 712 3385 Reislre.

241 3399 297 3481 yid.
315 3398 432 3455 Arietot.
451 3398 532 3454 Rhet.
552 3401 586 3454 11.
606 3405 648 3454 23.

114 3609 120 3626 λ
199 3538 221 3607 ⁴)
238 3469 381 3596 l’blbtarch.
400 3537 608 3612 Apophthegm.
627 3557 655 3611 p.
676 3547 734 3598 187.
752 3540 784 3596 Β.

817 3627 869 3682 11*
