2656 3910
242 180 285 244 66
593 181 772 238 EPISTOLA
789 182 848 237 LII.

242 321 505 407 Adolescentcm,
529 325 584 409 qui
605 324 686 390 mihi
715 326 840 389 litteras
863 327 937 390 tuas
960 325 1113 412 reddidit,
1138 325 1215 393 vidi

241 413 448 496 perlibenter,
476 413 628 496 etmihi,
655 416 812 498 quantum
839 433 878 476 ox
899 434 966 478 una
988 415 1214 480 collocutione
1293 433 1294 471 ὲ

243 499 447 563 existimandi
473 503 617 582 potestas
643 501 719 584 fuit,
750 500 839 565 visus
871 503 921 565 est
950 504 1008 565 tua
1039 522 1212 567 commen·
1293 539 1294 574 l

244 586 372 651 datione
387 587 602 672 dignissimus.
639 586 750 653 Saluta
768 587 857 672 mihi,
881 588 1003 672 siquos
1026 588 1101 654 istic
1115 591 1212 655 nosti

244 673 405 740 studiosos
431 675 504 740 mei.
548 673 643 758 Vale,
670 676 716 740 mi
742 674 839 739 Benti
870 676 991 759 optime
1019 679 1051 740 et
1079 678 1208 743 saums-

244 761 337 847 sime,
358 765 393 828 ot
414 783 466 827 me
488 785 569 829 ama
586 763 719 828 Romae.
736 782 768 828 v.
786 762 921 828 Kalend.
940 761 1026 846 Sept.
1043 781 1209 831 unnxxn.

688 1077 758 1144 LII.

439 1202 487 1274 M.
515 1203 757 1276 ANTONIUS
784 1202 1009 1277 MURETUS

522 1337 643 1392 pruno
668 1335 833 1394 sucurre
853 1337 930 1394 suc.

314 1459 536 1547 Superioribus
551 1463 662 1529 dicbus
686 1484 758 1527 cum
772 1464 814 1528 ad
835 1462 960 1528 litteras
977 1467 1050 1528 tuas
1067 1484 1203 1549 respon-

246 1550 320 1615 dere
348 1551 536 1636 coepissem,
564 1552 625 1616 etsi
652 1551 717 1616 iam
743 1553 845 1616 multa
875 1571 941 1615 nox
968 1556 1050 1637 erat,
1077 1572 1204 1639 egoque
1293 1603 1294 1606 η

246 1638 327 1704 mihi
354 1660 424 1704 eam
451 1641 656 1723 potissimum
682 1639 796 1704 horam
819 1639 1012 1723 delegeram,
1039 1661 1137 1724 quam
1160 1643 1204 1706 ab
1293 1651 1294 1660 ’

246 1727 540 1811 interpellatoribus
576 1749 709 1793 uacuam
744 1727 813 1792 fore
849 1727 1054 1811 confiderem,
1090 1729 1205 1794 statim
1293 1773 1294 1806 2

247 1817 356 1879 tamen
383 1815 510 1899 accidit,
538 1819 575 1879 ut
597 1815 638 1880 ad
665 1836 715 1879 me
738 1815 875 1898 veniret,
903 1815 959 1900 qui
980 1815 1067 1900 quod
1090 1837 1204 1901 coepe·

247 1922 331 1984 rom,
354 1905 477 1966 vetaret
506 1903 679 1968 absolvere.
728 1902 842 1988 Itaque
868 1902 904 1966 in
931 1924 970 1966 ea
992 1902 1131 1987 quadam
1153 1905 1203 1969 in-
1293 1897 1294 1916 ¹

248 1988 434 2073 dignatione
465 1990 523 2055 risi
553 1994 676 2077 tamen,
712 1991 797 2078 quod
834 1991 926 2076 quasi
961 1990 1030 2055 fato
1061 1992 1203 2076 quodam
1293 2021 1294 2049 i

248 2077 392 2145 evenisse
419 2078 592 2161 videretur,
619 2083 656 2144 ut
682 2101 723 2144 ne
749 2083 827 2143 tunc
854 2078 982 2163 quidem
1009 2099 1137 2162 possem
1160 2081 1203 2145 ad
1293 2068 1294 2162 Ῐ

247 2169 294 2250 te,
320 2187 393 2232 cum
420 2169 558 2232 maxime
586 2189 748 2252 cuperem,
775 2167 921 2232 scribere.
975 2166 1060 2232 lllud
1091 2170 1203 2232 tamen

249 2254 400 2340 quicquid
422 2259 503 2339 erat,
531 2256 617 2340 quod
642 2256 801 2319 habebam
828 2255 863 2319 in
885 2255 1047 2339 manibus,
1073 2258 1204 2320 uberat

248 2343 470 2426 imperfectum
493 2346 589 2426 atque
607 2343 801 2426 inchoatum,
824 2343 866 2407 ad
883 2345 915 2407 tc
932 2343 1021 2408 misi:
1044 2344 1203 2428 simulque

249 2430 412 2513 pollicitus
444 2451 527 2513 sum,
558 2451 610 2494 me
641 2431 826 2515 propediem
858 2431 899 2494 ad
925 2434 958 2496 te
984 2431 1093 2496 neseio
1124 2432 1203 2516 quid

249 2536 409 2601 nugarum
436 2539 578 2583 mearum
606 2540 674 2584 esse
703 2520 882 2584 missurum.
931 2517 1065 2583 Praesto
1093 2518 1202 2604 igitur,

250 2605 337 2689 quod
362 2608 433 2671 tum
463 2607 610 2691 promisi,
643 2611 676 2672 et
703 2607 744 2673 ad
770 2610 803 2671 tc
835 2607 930 2671 mitto
962 2607 1107 2690 exempla
1138 2607 1202 2672 duo
1293 2647 1294 2652 κ

251 2693 405 2759 orationis
428 2695 593 2760 cuiusdam
616 2718 635 2760 a
657 2717 709 2760 me
726 2717 829 2778 nuper
847 2695 991 2778 habitae3
1015 2716 1119 2780 quam,
1141 2697 1203 2759 etsi
1293 2723 1294 2728 ¹

250 2782 336 2848 bella
361 2804 429 2848 non
457 2786 518 2869 est,
547 2783 608 2848 tibi
634 2787 744 2848 tamen
771 2786 804 2848 et
830 2781 964 2849 (lanulio
990 2786 1115 2866 nostro,
1142 2804 1201 2866 pro

250 2875 357 2936 vestro
380 2893 457 2958 erga
479 2893 531 2937 me
549 2894 657 2938 amore
680 2894 747 2938 non
769 2872 864 2956 plana
879 2871 1111 2955 displicituram
1134 2892 1202 2936 esse

251 2961 384 3026 confido.
420 2959 527 3026 Velim
550 2966 658 3027 autem
680 2982 752 3027 mea
775 2982 889 3024 caussa
911 2958 1082 3024 convenias
1100 2958 1202 3022 Anto·

250 3050 340 3113 nium
363 3048 631 3133 Montecatinum,
660 3071 755 3135 quem
777 3049 894 3130 virum,
918 3045 1046 3112 Sacrate
1070 3047 1128 3129 mi,
1149 3047 1202 3110 vix

252 3137 371 3220 credas,
394 3140 550 3221 quantum
572 3159 677 3203 amem
699 3139 733 3203 at
750 3136 865 3223 quanti
882 3136 1007 3218 facicm,
1030 3135 1121 3219 eique
1134 3135 1202 3217 plu·

251 3223 367 3288 rimam
390 3244 409 3286 a
430 3244 482 3287 me
510 3226 646 3289 salutem
672 3225 774 3310 dicas,
801 3225 958 3307 simulque
986 3223 1016 3287 ei
1041 3243 1143 3287 unum
1163 3241 1202 3286 ex

252 3311 325 3394 illis,
348 3331 429 3394 quae
453 3311 494 3375 ad
515 3314 548 3375 te
562 3311 665 3395 mitto,
688 3333 777 3376 meae
801 3311 957 3377 orationis
976 3310 1128 3393 exemplis
1146 3311 1202 3373 tua

252 3419 351 3462 manu
373 3396 437 3461 des.
481 3396 534 3463 Ita
556 3399 644 3463 anim
666 3421 772 3483 spero,
799 3399 863 3483 ipsi
886 3419 1011 3483 quoque
1034 3418 1201 3462 munuscu-

252 3485 320 3549 lum
333 3486 456 3570 gratius
478 3485 561 3551 fore:
585 3486 646 3550 etsi
663 3487 717 3552 ille
732 3486 860 3571 quidem
883 3485 1004 3568 eodem,
1027 3505 1089 3569 quo
1111 3488 1148 3548 tu
1161 3505 1204 3571 es,
