2658 3914
204 250 271 312 214
577 251 660 305 VAE.
678 249 783 305 Lucu.

204 394 290 458 enim
317 393 380 458 hoc
407 393 498 457 dicit:
525 394 655 458 laudato
683 394 974 478 peregrinationes,
1006 394 1061 459 sed
1093 394 1164 477 ipse

204 486 236 544 te
259 482 347 545 domi
361 482 533 546 continete.
569 481 624 545 An
638 482 725 546 aliud
746 482 877 546 laudare
891 482 1052 564 iubemur,
1076 481 1165 546 aliud

204 569 316 652 sequi?
342 567 389 632 At
416 568 502 632 aliud
529 569 565 632 in
593 591 661 651 ors,
692 569 779 634 aliud
810 570 847 633 in
874 571 1004 653 pectore
1035 569 1164 654 habere,

203 657 425 738 turpissimum
439 659 497 720 est
532 657 578 721 Et
598 660 709 721 tamen
731 658 834 721 multa
856 658 936 721 talia
955 661 1032 721 sunt
1052 660 1163 740 poeta·

204 766 288 826 rum,
315 747 352 808 ut
385 743 464 808 illud
490 743 670 830 Hesiodi¹),
701 745 895 810 laudandam
927 766 997 809 esse
1028 766 1164 828 parvam

203 831 326 982 parim,
340 831 405 1006 2ped
427 851 548 897 merces
570 833 606 895 in
628 851 780 917 magnam
802 832 1024 917 imponendas,
1046 836 1079 896 et
1100 832 1163 897 hoc

235 920 334 1004 irgilii
367 970 376 1004 ,

416 1062 459 1071 -
481 1025 625 1090 Laudato
645 1027 786 1110 lupentio
805 1046 902 1092 rura:

362 1113 524 1196 Enipeum
546 1115 642 1178 solita

204 1254 248 1318 Et
275 1254 372 1318 hodie
399 1254 434 1318 in
456 1254 553 1318 Italia
574 1255 730 1319 usitatum
753 1257 803 1319 est
825 1253 928 1320 simile
956 1252 1163 1336 proverbium
1223 1291 1230 1298 -

205 1341 431 1426 agricolarum:
455 1341 631 1405 laudandos
655 1345 795 1422 montes,
818 1342 875 1406 sed
896 1364 917 1405 a
937 1342 1072 1424 planitie
1094 1362 1163 1404 non

204 1429 423 1492 recedendum.
474 1427 619 1511 Capitale
646 1429 682 1492 in
709 1429 820 1493 codem
852 1449 968 1513 genere
995 1429 1075 1493 illud
1105 1426 1163 1493 So·

204 1514 359 1602 phoclis³)
381 1515 575 1580 laudandam
587 1517 753 1600 iustitiam,
776 1516 832 1580 sed
849 1517 1047 1582 haerendum
1059 1517 1162 1581 lucro:

626 1634 668 1702 cd
689 1636 751 1722 μὲν

250 1721 363 1792 Δίκαι’
389 1726 531 1809 ἐπαίνει,
553 1728 616 1791 τοῦ
638 1723 675 1791 di
697 1728 885 1811 κερδαίνειν
907 1729 994 1810 ἔχου.

205 1868 236 1932 Α
264 1890 326 1952 quo
354 1871 525 1951 praecepto
554 1869 652 1932 etiam
678 1868 908 1951 improbissimi
935 1867 1044 1950 verbo,
1071 1887 1106 1931 re
1129 1871 1163 1931 et

205 1957 300 2020 factis
323 1977 364 2019 ne
387 1957 410 2020 ii
434 1956 574 2040 quidem,
599 1957 653 2041 qui
675 1956 753 2020 boni
775 1957 836 2020 viri
857 1955 1027 2039 habentur,
1049 1976 1161 2019 omnes

206 2045 389 2108 abhorrent.
426 2043 591 2127 Numquid
605 2045 713 2128 igitur,
735 2048 772 2107 ut
794 2044 890 2107 aliam
910 2047 1031 2108 vestem
1054 2043 1162 2107 dome·

207 2132 320 2196 sticum
333 2131 498 2214 habemus,
512 2132 608 2195 aliam
622 2133 796 2214 forensem,
818 2131 865 2196 ita
879 2131 943 2195 alia
961 2131 1033 2195 aliis
1051 2130 1161 2194 lauda·

206 2220 326 2302 bimus,
358 2219 421 2283 alia
452 2220 515 2302 ipsi
547 2219 823 2284 consociabimur?
873 2219 927 2283 An
960 2218 1022 2282 hoc
1052 2219 1161 2302 potius

207 2307 391 2392 significant
413 2310 521 2371 vetera
538 2307 595 2370 illa
616 2308 742 2390 po'c'tica
764 2307 946 2390 proverbia:
970 2328 1043 2370 cum
1066 2327 1161 2390 saepe

206 2395 312 2458 variae
336 2417 373 2458 ac
396 2395 587 2477 multiplices
611 2396 677 2458 sint
702 2394 870 2458 hominum
897 2393 1088 2477 sententiae,
1114 2394 1162 2457 ita

206 2486 243 2546 ut
275 2483 385 2545 eadem
418 2482 473 2544 alii
502 2481 645 2565 laudent,
678 2482 733 2546 alii
759 2483 953 2565 vituperent,
985 2501 1161 2566 gravesque

206 2568 367 2633 interdum
407 2569 592 2634 inimicitiae
633 2591 672 2633 ex
711 2570 868 2635 eiusmodi
908 2569 1161 2634 dissensionibus

208 2657 365 2740 oriantur,
393 2656 507 2719 debere
534 2678 594 2721 nos
622 2657 726 2721 sinere
753 2679 1012 2741 unumquemque
1042 2657 1161 2721 iudicio

208 2767 265 2808 suo
292 2745 352 2826 uti,
384 2748 418 2808 et
448 2745 555 2827 potius
587 2767 683 2829 quam
709 2747 807 2808 ullam
840 2745 1079 2810 dimicationem
1106 2748 1163 2808 aut

207 2833 447 2897 contentionem
470 2833 693 2917 suscipiamus,
720 2833 850 2897 laudare
872 2833 1025 2897 iudicium
1051 2833 1162 2917 ipsius,

208 2921 263 2984 scd
285 2926 395 2985 tamen
417 2922 449 2985 id
478 2921 563 3004 quod
586 2921 743 3005 optimum
767 2924 829 3004 est,
852 2921 964 3005 sequi?
1008 2920 1060 2984 Ita
1082 2920 1163 2984 mihi

208 3009 335 3091 quidem
357 3009 491 3073 videtur.
535 3009 580 3073 Et
602 3012 708 3073 cetera
730 3009 858 3093 quidem
871 3009 933 3073 hoc
951 3028 1047 3072 sensu
1061 3009 1163 3091 accipi

207 3101 342 3180 queunt:
375 3095 587 3181 Sophocleum
614 3097 692 3161 illud
719 3119 786 3161 non
812 3099 935 3180 potcst3
967 3116 1071 3180 neque
1099 3097 1163 3160 alia

209 3186 331 3249 ratione
367 3206 527 3248 summum
562 3188 692 3268 po'e'tam
724 3185 868 3278 defendi,
887 3205 983 3267 posse
1014 3183 1162 3267 arbitror,

207 3292 304 3354 quam
331 3274 368 3334 ut
395 3272 550 3355 dicamus,
578 3293 651 3336 eum
678 3273 828 3337 habuisse
856 3271 1016 3336 rationem
1047 3271 1163 3356 decori,

279 3493 299 3563 ¹)
318 3493 369 3562 Op.
388 3497 418 3548 et
435 3493 468 3550 D.
488 3500 548 3550 64³.
648 3494 788 3565 ¹)Georg.
807 3497 842 3550 ll.
861 3502 922 3550 412.
1010 3495 1162 3566 ⁸)Fragm.

268 3563 310 3617 sd.
330 3564 437 3619 Nauck.
