2658 3914
498 229 617 284 CAPUT
635 229 746 283 XXVII.
1036 225 1102 289 153

135 377 179 438 ‘et
200 375 235 438 in
257 373 438 458 Virgiliano
460 370 599 458 Iopas1).
640 371 701 436 Sed
724 372 803 436 haec
825 371 961 435 fortasse
985 369 1101 453 aliquis

146 462 429 546 intemperantium
451 483 621 544 procorum
645 465 677 524 et
707 459 861 523 luxuriosi
884 458 970 543 regis
998 461 1031 521 εὴ
1051 479 1099 520 re-

147 550 242 634 ginae
268 551 334 613 iam
360 553 430 614 tum
459 549 576 613 amoris
603 549 668 612 telo
696 568 865 630 percussae
893 545 1008 609 dixerit
1029 566 1101 608 esse

147 637 301 702 convivia.
339 635 434 720 Quid,
458 637 543 721 quod
558 636 761 719 epulantibus
780 635 849 712 diis,
873 654 985 698 canere
999 631 1099 717 Apol·

146 725 244 788 linem
267 728 300 788 et
312 725 422 789 Musas
445 724 577 789 ferunt?
608 723 694 787 Nam
707 722 872 806 Euripidis
887 722 1015 806 quidem
1029 743 1099 785 sen-

145 810 313 897 renuam)
336 813 446 877 mirari
469 833 564 896 saepe
588 813 688 894 soleo,
712 811 767 896 qui
789 832 857 875 non
878 810 913 873 in
937 808 1102 891 conviviis,

146 901 202 964 sed
224 900 260 964 in
281 902 370 965 luctu
392 901 500 984 potius
518 898 676 964 Musicam
699 897 913 963 adhibendam
936 918 1004 961 esse
1028 918 1100 961 cen·

147 990 208 1070 set,
232 988 318 1071 quod
340 988 487 1052 convivia
510 988 588 1052 satis
611 987 682 1070 ipsa
709 1007 823 1069 perse
850 987 935 1049 laeta
959 984 1024 1048 sint
1064 984 1100 1047 in

145 1076 234 1140 luctu
258 1079 364 1140 autem
388 1075 604 1158 quaerendum
628 1075 671 1138 sit
692 1073 827 1158 aliquid,
850 1095 913 1157 quo
937 1073 1102 1136 minuatur

147 1162 246 1228 dolor.
290 1162 363 1248 Ego
387 1185 462 1227 vero
485 1163 513 1226 si
535 1183 684 1247 usquam,
711 1162 796 1225 inter
821 1161 936 1244 poeula
962 1159 1101 1223 maxime

145 1251 265 1316 talibus
288 1250 518 1315 blandimentis
541 1254 574 1314 εὴ
595 1249 846 1314 relaxationibus
872 1248 972 1312 animi
994 1249 1101 1312 locum

147 1360 216 1404 esse
239 1340 334 1404 duco:
357 1361 474 1424 neque,
498 1339 573 1402 dum
597 1360 635 1402 ea
657 1337 832 1402 moderatio
856 1336 1041 1413 retineatur,
1064 1339 1101 1399 ut

145 1428 313 1511 turpitudo
329 1428 433 1492 omnis
456 1430 489 1491 et
512 1427 713 1492 obscoenitas
732 1427 825 1508 absit,
848 1447 994 1490 caussam
1007 1424 1102 1488 video

145 1517 259 1597 ullam,
286 1517 402 1580 curin
429 1537 541 1579 mensa
568 1518 625 1578 aut
646 1514 834 1579 comoedum
863 1512 1016 1595 aversari,
1045 1515 1101 1575 aut

147 1602 316 1666 auloedum
338 1603 535 1666 fidicinemve
557 1602 703 1686 refugere
719 1601 846 1682 sapiens
861 1600 983 1664 debeat.
1015 1597 1100 1662 Nam

148 1689 176 1752 si
198 1710 323 1772 semper
348 1693 417 1752 tam
442 1689 572 1752 facundi
602 1710 639 1751 ac
662 1688 772 1751 diserti
800 1687 952 1750 convivae
976 1686 1100 1751 contin-

148 1779 274 1860 gerent,
298 1798 394 1860 quam
416 1775 464 1840 illi
487 1779 563 1840 sunt
585 1774 758 1839 Platonici:
781 1777 851 1838 tum
873 1775 1011 1838 fortasse
1033 1795 1101 1837 non

147 1864 307 1928 immerito
339 1864 418 1928 talia
450 1863 559 1928 omnia
590 1863 840 1927 excluderentur.
895 1860 987 1936 Quod
1015 1861 1101 1924 enim

148 1972 217 2016 esse
239 1954 347 2034 potest
369 1954 437 2014 tam
454 1951 600 2014 mirabile
624 1972 783 2032 acroama,
807 1950 892 2034 quod
915 1971 982 2013 non
1006 1950 1101 2013 colla-

147 2043 217 2102 tum
240 2061 312 2103 cum
335 2039 464 2102 illorum
487 2038 687 2102 sermonibus
710 2037 859 2102 sordeat?
905 2037 991 2112 Quos
1015 2036 1101 2120 equi·

149 2127 220 2190 dem
248 2127 399 2204 arbitror,
427 2127 455 2191 si
481 2125 689 2209 Appollinem
715 2125 871 2190 vidissent
898 2126 1005 2209 ipsum
1028 2147 1100 2189 cum

147 2215 218 2298 lyra
245 2218 277 2278 et
303 2215 424 2298 plectro
452 2213 698 2298 ingredientem,
724 2234 790 2277 uno
814 2234 869 2277 ore
897 2234 1008 2277 omnes
1032 2233 1101 2276 ora·

148 2307 237 2367 turos
264 2303 377 2380 fuisse,
404 2305 441 2365 ut
468 2306 524 2366 aut
551 2301 748 2384 abscederet,
780 2305 836 2364 aut
858 2322 899 2364 ne
923 2305 1020 2364 cantu
1043 2321 1102 2364 suo
1182 2361 1183 2364 ,

150 2411 312 2454 sermones
344 2391 550 2474 abrumperet
581 2389 756 2453 institutos.
809 2388 854 2452 Et
884 2393 1007 2471 tamen,
1039 2387 1103 2451 nisi
1185 2457 1191 2472 Ι

149 2477 241 2540 valde
272 2478 380 2554 fallor,
411 2499 478 2540 non
509 2477 611 2541 multo
637 2478 774 2561 turpius,
790 2476 918 2560 fuisset,
950 2476 1102 2540 tibicinae

151 2564 284 2628 alicuius
313 2566 442 2628 cantum
470 2564 591 2642 audire,
619 2587 716 2649 quam
743 2566 795 2630 rel
824 2565 1003 2629 orationem
1029 2564 1102 2627 Ari-

151 2651 328 2735 stophanis
349 2652 401 2716 vel
415 2673 453 2715 ea
467 2673 547 2736 quae
562 2651 600 2716 de
616 2651 755 2717 Socratis
769 2654 982 2737 temperantia
996 2653 1103 2717 ebrius

21 2787 26 2795 .
150 2739 332 2804 Alcibiades
354 2739 679 2823 intemperantissime
701 2744 820 2806 narrat

417 3037 419 3041 ,
477 2942 620 3032 uleus
643 2967 777 3031 xxvu.

152 3083 314 3139 SORORES
323 3084 467 3140 UXORES
481 3084 627 3139 DUCERE
640 3085 723 3139 NUM
737 3085 834 3140 APUD
848 3084 1104 3140 ATHENIENSES

538 3170 716 3227 LICUERlT.

219 3280 411 3365 Perelegans
435 3284 540 3345 exstat
561 3279 692 3344 Aemilii
714 3280 814 3345 Probi
841 3282 881 3346 ad
908 3281 943 3345 T.
967 3282 1103 3366 Pompo·

151 3370 242 3432 nium
256 3368 401 3434 Atticum
423 3369 563 3453 libellus,
586 3389 649 3453 quo
664 3367 857 3434 Graecorum
873 3370 1103 3454 imperatorum

225 3542 244 3611 ¹)
263 3543 332 3597 Aen.
351 3542 371 3596 Ι.
392 3548 442 3598 740
456 3559 489 3597 ss.
563 3542 584 3611 ¹)
602 3540 676 3598 Med
694 3560 720 3598 v.
741 3549 820 3599 190⁸.
