2658 3914
635 259 718 314 VAE.
738 258 839 316 LEOT.

593 479 736 558 CAPUT
758 488 893 556 XXXII.

262 610 380 667 Locus
394 609 576 666 PLATONIS
590 611 613 666 E
626 609 798 664 PHAEDRO
813 609 961 666 ALLATA
973 608 1121 664 VETERE
1136 607 1230 676 QUA-

262 698 343 753 DAM
360 697 643 753 ATHENIENSIUM
657 695 941 753 CONSUETUDINE
959 696 1227 754 ILLUSTRA'I’US.

331 804 494 872 Socratem
508 805 674 870 Phaedrus
696 826 769 870 cum
783 804 937 870 adducere
954 806 1052 870 vellet
1073 803 1115 869 ad
1135 804 1227 869 idem

263 897 490 979 argumentum
512 894 729 977 tractandum,
753 913 816 977 quo
838 893 908 977 ipse
932 893 1084 977 scriptam
1106 891 1227 975 Lysiae

264 982 443 1047 orationem
478 982 574 1066 paulo
608 985 682 1046 ante
713 979 877 1064 recitarat,
913 981 959 1045 ita
991 981 1020 1044 ei
1051 980 1226 1044 blandiens

265 1070 349 1154 apud
372 1067 572 1177 Platoneml)
594 1067 769 1133 inducitur:
793 1071 864 1132 Kal
884 1083 938 1132 σοι
957 1064 1033 1150 ἐγὼ,
1056 1061 1165 1152 ὥσπερ
1190 1068 1230 1131 οἱ

265 1155 361 1221 ἐννέα
375 1153 539 1242 ἄρχοντες,
548 1156 771 1240 νπισχνοῦμαι
784 1155 911 1263 χρυσῆν
925 1151 1037 1220 εἰκόνα
1052 1154 1226 1238 ἰσομέτρη-

264 1267 324 1308 τον
338 1246 385 1320 εἰς
399 1240 555 1327 Δελφοὺς
569 1239 765 1327 ἀναθήσειν,
789 1237 830 1308 οὐ
843 1267 950 1326 μονον
968 1242 1123 1326 ἐμαυτοῦ,
1138 1235 1225 1308 ἀλλὰ

265 1328 319 1394 καὶ
347 1327 421 1414 σήν.
474 1331 662 1406 Quaesitum
689 1334 739 1396 est
766 1334 873 1395 autem
901 1352 940 1396 ax
966 1352 1030 1415 me,
1063 1351 1225 1415 quaenam

266 1422 351 1483 esset
373 1419 538 1484 aureailla
557 1421 675 1501 statua,
698 1439 795 1503 quam
808 1418 944 1502 Delphis
966 1439 1084 1503 ponere
1108 1418 1224 1483 solitos

266 1508 437 1572 archontas
460 1528 499 1572 ex
522 1528 559 1572 eo
581 1506 827 1591 intelligeretur,
851 1510 884 1570 et
907 1529 970 1591 qua
993 1507 1030 1572 de
1054 1527 1167 1570 caussa
1189 1505 1225 1570 id

265 1595 363 1659 fieret.
394 1594 571 1680 Respondi,
593 1616 709 1660 novem
722 1592 969 1659 Atheniensium
987 1594 1166 1676 archontas,
1189 1594 1224 1658 id

266 1685 328 1767 est,
355 1705 560 1768 aponymum,
591 1703 713 1768 regem,
745 1683 983 1765 polemarchum
1011 1685 1043 1747 et
1071 1704 1126 1747 sex
1152 1681 1223 1746 the-

267 1771 453 1855 smothetas,
476 1793 548 1836 curn
570 1772 797 1855 magistratum
818 1770 945 1854 inirent,
967 1761 1094 1853 public'e
1115 1771 1223 1834 iurare

267 1859 392 1943 solitos,
420 1880 453 1924 se
482 1860 706 1924 observaturos
736 1878 805 1922 esse
828 1859 915 1942 leges
942 1878 1046 1942 neque
1068 1879 1223 1942 passuros

265 1946 361 2010 fidem
393 1968 484 2010 suam
515 1946 608 2011 donis
637 1945 862 2010 muneribusve
895 1946 1069 2030 corrumpi:
1098 1945 1223 2029 siquis

266 2034 410 2117 ipsorum
433 2055 523 2099 secus
546 2034 683 2116 fecisset,
706 2055 779 2098 eum
802 2033 922 2097 multae
940 2035 1070 2098 nomine
1092 2054 1223 2098 auream

268 2124 408 2186 statuam
431 2143 520 2187 suam
542 2143 718 2206 pensurum
739 2142 817 2186 esse.
861 2119 942 2186 Eius
965 2122 1011 2185 rei
1039 2124 1223 2188 auctorest

266 2209 367 2275 Iulius
390 2209 504 2275 Pollux
526 2209 609 2275 libro
633 2208 832 2274 Onomastici
855 2209 896 2273 ad
910 2207 1119 2274 Commodum
1143 2207 1221 2274 an-

268 2318 372 2362 sarem
387 2295 540 2383 octav02).
585 2296 827 2382 prselidarum
850 2301 958 2362 autem
980 2297 1159 2382 anathema,
1183 2299 1222 2363 de
1312 2357 1313 2368 ,

268 2407 331 2470 quo
354 2386 490 2450 nonita
511 2385 613 2450 multo
636 2387 775 2467 postea,
798 2405 879 2469 quae
901 2385 1003 2468 posui,
1025 2384 1124 2449 verba
1136 2387 1223 2469 apud

267 2471 435 2537 Platonem
458 2471 580 2536 mentio
599 2473 660 2554 est,
684 2471 845 2556 quodnam
867 2472 972 2556 fuerit,
994 2473 1122 2538 coniose
1138 2472 1222 2540 Pau-

269 2561 375 2623 sanias
397 2559 433 2622 in
455 2558 574 2624 EliacIs
597 2557 731 2646 docem).

586 2767 730 2836 OAPU'I
752 2768 902 2834 XXXIII.

269 2889 475 2947 IPHIUEATIS
493 2889 621 2947 MULTA
642 2889 765 2959 DICTA,
784 2888 914 2956 QUIBUS
933 2889 1076 2946 ELATUS
1093 2891 1142 2946 ET
1159 2891 1223 2947 EX·

401 2979 536 3036 UELSUS
554 2979 669 3036 IPSIUS
687 2977 828 3034 ANIMUS
847 2977 1087 3034 OSTENDITUR.

335 3089 456 3154 Iterum
478 3089 663 3154 bellicarum
686 3086 790 3173 gloria
810 3109 878 3151 non
892 3087 1007 3152 aetatis
1025 3088 1121 3153 modo
1146 3109 1224 3154 suae
1310 3089 1311 3109 ¹

269 3178 477 3260 imperatores
500 3177 622 3260 vicisse,
646 3176 700 3241 sed
723 3174 922 3258 superiorum
937 3176 1033 3240 etiam
1048 3175 1224 3260 quemlibet

269 3265 464 3351 adaequasse
486 3264 693 3329 AthsnIansis
715 3262 892 3347 Iphicrates
916 3263 1038 3328 dicitur.
1069 3263 1224 3350 Idemque
1309 3313 1310 3318 η

343 3437 362 3504 ¹)
381 3452 404 3491 ο.
426 3442 467 3490 11.
485 3453 513 3505 p.
533 3441 584 3490 aas
603 3435 636 3490 D.

283 3552 285 3558 ,
342 3505 405 3642 :pe
426 3512 460 3630 9..
548 3617 554 3630 ,
