2430 3864
504 215 623 270 CAPUT
642 215 712 270 LIX.
1017 214 1083 278 205

124 358 261 423 honoris
288 378 405 442 genere
433 358 663 423 afficiebantur.
717 357 769 423 Sic
797 357 880 442 Cyro
909 365 985 442 post
1015 361 1083 422 tam

126 446 247 509 multas
268 448 400 528 tamque
422 445 567 529 insignes
581 447 731 510 victorias
750 447 786 510 in
804 446 924 510 avidum
946 466 1083 530 regnum

126 533 274 597 redeundi
289 530 441 615 cyaxaris
463 533 543 616 filia,
567 554 649 618 quae
662 534 763 616 ipsius
786 537 899 617 postea
912 555 992 598 uxor
1013 533 1083 615 fuit,

127 641 282 685 eoronam
304 641 435 684 auream
458 584 559 685 offeri
604 621 786 704 Xenophon
815 622 897 685 libro
926 620 1083 704 octavo¹):

127 701 146 772 ὁ
172 704 209 771 δὲ
231 704 410 814 Κυαξάρης
436 709 539 771 ταῦτα
562 703 623 790 μὲν
645 707 789 788 ἐδέξατο,
815 706 1024 792 προσέπεμψε
1047 704 1084 771 di

127 788 217 882 αὐτῷ
239 789 302 877 τὴν
324 793 495 879 θυγατέρα
517 793 684 877 στέφανόν
705 819 740 858 τε
762 797 910 879 χρυσοῦν
932 793 987 859 καὶ
1009 793 1085 871 ψέλ-

127 887 184 946 dea
218 881 399 965 φέρουσαν.
450 881 591 946 Habitus
623 886 673 947 est
658 883 756 947 thio
787 882 892 947 honos
923 882 1085 946 Alcibiadi

128 990 267 1055 quoque,
290 991 363 1034 cum
386 970 509 1034 domita
530 969 854 1034 Lacedaemoniorum
877 970 1060 1052 superbia
1050 991 1085 1032 m

127 1057 268 1140 patriam
300 1057 432 1140 rediret3
465 1079 528 1141 qua
555 1057 594 1122 de
621 1078 655 1121 re
681 1058 729 1121 ita
755 1053 925 1142 Probus²):
957 1057 1087 1120 Huc
1050 1063 1087 1120 nt

125 1152 202 1208 navi
223 1165 358 1226 maeones
380 1150 435 1222 est,
457 1165 645 1225 quamquam
674 1145 877 1209 Theramenes
899 1150 928 1208 et
950 1144 1085 1295 Theasp-

127 1232 219 1297 ὀνίαν
240 1233 351 1298 eisdem
373 1233 462 1297 rebus
483 1233 688 1314 praefuerant
708 1233 859 1313 simulque
884 1237 1030 1297 omnent
1050 1233 1086 1296 in

128 1318 303 1398 Piraeeum,
326 1325 428 1384 tanen
449 1321 541 1384 illum
561 1341 660 1385 unum
687 1341 789 1386 onnes
809 1322 1086 1402 prosequebantur:

127 1411 171 1485 u,
193 1408 230 1471 id
253 1409 336 1488 quod
359 1428 521 1490 nunquam
549 1414 641 1473 antea
662 1429 722 1474 usu
746 1414 870 1474 aeneae
896 1411 960 1474 nesi
983 1408 1086 1490 Olym-

125 1495 202 1578 piae
222 1495 400 1573 adeundam,
429 1498 549 1561 coronis
570 1499 675 1562 aureis
701 1499 859 1577 amesque
880 1497 968 1578 οαῑρο
990 1498 1085 1560 dona-

129 1582 229 1648 baur.
276 1581 338 1647 Sed
366 1603 422 1647 cur
443 1604 553 1648 aenam
576 1605 702 1667 quoque
725 1605 859 1648 coronas
888 1583 997 1665 addat,
1019 1603 1086 1646 non

130 1670 292 1735 immerito
316 1671 427 1754 quaeri
448 1674 565 1754 potest.
610 1669 696 1734 Nam
717 1675 753 1734 ut
766 1669 878 1735 Glauci
891 1667 1086 1753 Homerici³)

130 1758 280 1822 vecordia
305 1758 428 1822 ridetur
453 1759 667 1841 permutantia
697 1754 819 1842 χρύσεα
842 1761 1014 1841 χαλκείων,
1040 1758 1087 1820 ita

129 1844 264 1909 ridicula
291 1846 391 1910 videri
422 1850 530 1930 potest
559 1847 638 1910 haec
665 1845 815 1929 χρυσέων
842 1844 897 1910 καὶ
926 1847 1087 1928 χαλκείων

129 1933 307 2017 permistio.
351 1933 424 2018 Ego
447 1956 522 1999 vero
540 1957 608 1999 non
631 1935 756 2016 dubito,
778 1935 857 2018 quin
869 1933 966 1998 Probi
988 1933 1087 1996 verba

130 2024 283 2103 corrupta
310 2021 389 2105 sint,
418 2022 537 2099 itaut,
563 2022 619 2086 ubi
642 2026 692 2086 est
717 2024 886 2102 aeneisque,
915 2020 1087 2104 legendum

130 2108 175 2173 sit
197 2110 374 2189 taeniisque.
419 2108 573 2173 Solebant
595 2110 681 2173 euim
702 2109 769 2174 fere
790 2109 917 2173 taeniae
939 2129 1012 2171 oum
1035 2129 1086 2171 co·

131 2196 222 2261 ronis
245 2197 408 2281 coniungi.
453 2195 709 2283 Empedocles4):

180 2322 331 2394 Ταινίαις
352 2342 388 2383 τε
409 2323 632 2404 περίστεπτος,
656 2315 792 2400 στέφεσί
810 2341 845 2382 τε
868 2320 1027 2391 θαλείοις.

132 2441 235 2526 quue
258 2442 430 2506 manifesto
453 2443 629 2524 confirmat,
653 2443 738 2527 quod
760 2441 846 2526 apud
869 2441 1086 2528 Thucydidem

132 2529 171 2593 de
185 2528 322 2594 Brasida
336 2531 467 2614 legitur,
491 2551 584 2630 quem
600 2527 746 2594 Scionaei
760 2551 793 2593 re
811 2532 972 2613 praeclare
996 2533 1087 2614 gesta

132 2620 170 2680 ut
193 2615 438 2701 Olympionicen
461 2619 622 2701 excepisse
645 2621 678 2681 et
699 2622 736 2683 ui
759 2617 910 2682 Graeciae
938 2619 1086 2682 liberato-

132 2726 202 2768 rem
232 2727 351 2770 corona
383 2726 480 2770 amaa
511 2708 544 2768 et
574 2706 690 2769 taeniis
720 2707 895 2770 revinxisse
930 2706 1086 2769 dicuntur.

132 2791 327 2875 Thucydidis
354 2794 451 2858 verba
477 2793 556 2857 haee
584 2791 705 2874 εαυτῆς
737 2790 805 2856 Καὶ
833 2793 868 2856 οἱ
892 2789 954 2875 μὲν
980 2797 1088 2856 Σααω-
1104 2786 1107 2790 “

132 2889 224 2943 ναῖοι
247 2876 443 2988 ἐπήρθησαν
468 2904 504 2945 τε
529 2891 599 2955 τοῖς
625 2876 751 2985 λόχοις,
778 2877 832 2943 καὶ
859 2876 1088 2986 θαρσήσαντες

132 2963 253 3043 πάντες
267 2963 404 3075 ὁμοίως,
427 2959 532 3032 καὶ
497 2992 546 3044 οις
559 2962 603 3052 μὴ
618 2963 781 3051 πρότερον
794 2962 911 3073 ἤρεσκε
924 2963 964 3031 τὰ
986 2983 1087 3050 αρασ

133 3051 271 3139 σόμενα,
284 3053 345 3121 τόν
358 3079 392 3120 τε
405 3052 552 3140 πόλεμον
567 3055 760 3119 διενοοῦντο
774 3051 958 3139 προθυμίας
972 3060 1087 3136 οἴσειν,

207 3245 227 3316 ¹)
246 3263 268 3302 ο.
288 3252 348 3314 αξ
369 3253 410 3302 18.

206 3316 228 3386 ²)
247 3335 270 3372 e.
290 3324 314 3372 ο.
333 3253 348 3383 i
367 3323 391 3372 ε.

206 3386 227 3456 ⁸)
246 3389 279 3443 ll.
296 3387 343 3442 VI.
363 3392 423 3441 234.
443 3404 464 3442 s.

204 3457 227 3598 :3
245 3458 437 3583 ῗροςίρῑιιαεή.
456 3455 529 3511 VIII.
549 3457 615 3510 seat.
634 3461 677 3510 62.
