2656 3910
458 216 637 272 EPISTOLA
653 217 711 272 LX.
1022 215 1062 276 77

107 357 191 424 Mihi
214 359 346 423 credite:
370 360 398 424 si
411 360 502 425 vobis
524 361 709 426 hucvenire
727 359 835 442 libeat,
858 359 978 442 aliquid
1000 358 1063 421 fiet.

109 445 237 521 Quaeso
267 450 375 511 autem
403 448 608 532 obtestorque
639 469 710 531 vos,
740 450 789 528 ut,
822 445 977 531 quidquid
1003 445 1063 508 hac

109 533 151 597 de
177 554 212 598 re
239 535 366 600 consilii
392 535 538 619 capietis,
570 536 610 599 ad
638 556 689 599 me
721 535 858 599 scribere
885 555 927 597 ne
954 554 1064 617 grave-

109 621 191 684 mini
217 622 372 706 vobisque
399 623 446 686 ita
477 624 572 706 plane
602 621 834 706 persuadeatis,
863 620 1017 706 quidquid
1045 642 1063 683 a

109 730 163 772 me
186 713 293 774 vestra
314 732 428 774 caussa
450 714 507 774 aut
528 711 655 795 publice
670 714 726 774 ant
748 710 900 794 privatim
921 708 990 772 fieri
1008 729 1064 790 po·

108 796 200 879 terit,
223 797 257 861 id
280 818 404 880 semper
418 798 622 882 cupidissime
644 798 805 863 iacturum
819 818 897 863 esse.
933 796 1065 861 Romae.

109 902 167 948 xv.
189 883 325 948 Kalend.
348 885 515 951 Februarii
537 904 730 950 nnnxxvm.

556 1199 622 1264 LX.

303 1325 351 1398 M.
380 1324 622 1398 ANTONIUS
649 1325 874 1398 Macares

391 1459 513 1516 PAULO
533 1459 699 1516 SAORATO
719 1460 787 1516 SUO

544 1567 566 1609 s.
579 1569 604 1608 r.
617 1567 645 1606 n.

182 1672 327 1737 Tandem
358 1672 399 1736 ad
429 1676 463 1736 te
493 1673 623 1736 remitto
656 1673 809 1756 epistolas
840 1676 928 1735 tuas:
964 1690 1069 1752 neque

115 1761 204 1826 enim
217 1782 275 1843 per
288 1760 433 1824 assiduas
448 1760 675 1842 occupationes
690 1763 722 1824 et
736 1781 794 1843 per
807 1757 1070 1823 molestissimum

116 1849 284 1913 oculorum
307 1847 459 1930 dolorem,
483 1869 546 1929 quo
566 1847 632 1910 dies
655 1848 779 1930 aliquot
799 1845 953 1929 laboravi,
976 1843 1069 1908 citius

116 1935 218 2000 licuit.
262 1934 331 1997 Eae
354 1934 382 1997 si
404 1938 652 2018 conquerentur,
679 1957 713 1999 se
736 1958 755 1999 a
777 1957 828 2000 me
851 1934 960 2018 paullo
984 1953 1069 1997 seve·

118 2023 186 2085 rius
209 2023 357 2103 acceptas
380 2041 462 2103 esse,
484 2022 643 2085 recordari
666 2022 808 2104 debebis,
838 2023 900 2087 hoc
922 2022 1029 2105 ipsum
1052 2041 1071 2082 a

119 2113 153 2172 te
180 2108 260 2172 mihi
286 2108 474 2172 mandatum
502 2129 585 2192 esse;
613 2113 662 2187 ut,
690 2111 717 2173 si
744 2110 873 2173 mollius
901 2130 938 2173 ac
967 2109 1070 2171 lenius

119 2218 175 2261 eas
202 2199 340 2260 tractare
368 2195 555 2282 voluissem,
582 2197 756 2261 verendum
786 2197 866 2260 mihi
891 2196 1002 2278 fuerit,
1031 2215 1071 2257 ne

119 2284 180 2349 tibi
202 2306 270 2348 non
292 2285 371 2349 satis
394 2285 574 2368 obsequens
592 2284 726 2350 viderer.
762 2282 825 2348 Sed
848 2284 886 2347 de
909 2283 961 2348 his
984 2281 1071 2346 satis.

120 2371 216 2437 Nunc
243 2394 402 2456 exponam
429 2373 489 2437 tibi
515 2376 621 2438 totum
647 2373 727 2437 illud
754 2372 921 2458 negotium
943 2369 1071 2435 Poloni-

120 2482 203 2540 cum,
226 2461 353 2543 quando
376 2462 511 2544 litterae,
534 2483 613 2545 quas
636 2462 677 2526 ad
699 2466 741 2545 te,
763 2483 797 2525 re
816 2461 921 2525 adhuc
942 2458 1072 2541 recenti,

121 2547 325 2631 scripseram,
360 2549 532 2631 perierunt.
590 2547 787 2634 Stephanus,
822 2548 976 2614 Poloniae
1008 2569 1072 2629 rex,

121 2635 178 2719 qui
201 2636 234 2698 et
256 2635 327 2698 aliis
348 2636 446 2721 regiis
458 2637 631 2702 virtutibus
646 2637 870 2702 ornatissimus
894 2639 943 2700 est
961 2639 994 2700 et
1010 2635 1073 2700 hoc

122 2744 220 2807 supra
242 2726 365 2788 ceteros
388 2744 499 2789 omnes
521 2745 627 2810 reges,
654 2727 709 2809 qui
731 2726 841 2790 multis
865 2725 982 2788 abhinc
1006 2745 1071 2788 sae*

122 2811 202 2876 culis
224 2811 381 2895 vixerunt,
404 2812 555 2876 eximium
576 2813 684 2898 habet,
706 2813 791 2897 quod
814 2817 847 2877 et
869 2816 957 2877 amat
979 2811 1072 2876 unice

121 2899 269 2964 homines
292 2900 434 2964 eruditos
462 2902 494 2964 et
520 2900 589 2983 ipse
613 2903 702 2964 omni
728 2901 885 2983 elegantis
908 2899 1072 2964 doctrinae

123 3006 239 3071 genere
271 2986 402 3050 mirifice
434 2987 579 3051 excultus
615 2991 678 3071 est,
712 2988 844 3050 miserat
878 2987 914 3049 in
944 2985 1073 3050 Italiam

125 3096 224 3138 unum
247 3094 264 3136 e
287 3072 470 3138 domesticis
494 3075 572 3158 suis,
601 3074 657 3157 qui
680 3075 772 3157 quasi
795 3074 952 3137 delectum
975 3095 1073 3156 quon·

122 3161 197 3226 dam
218 3161 354 3226 haberet
374 3161 607 3245 praestantium
630 3161 776 3227 doctrina
792 3161 933 3226 virorum
957 3182 1073 3245 eosque

123 3249 239 3333 opimis
263 3248 435 3314 admodum
457 3249 631 3333 propositis
659 3249 896 3315 conditionibus
923 3250 959 3313 in
980 3249 1073 3314 Polo·

122 3337 211 3402 niam
242 3337 394 3401 invitaret
426 3337 467 3400 ad
488 3338 705 3414 Academiam¹
727 3359 860 3421 novam,
891 3359 987 3420 quam
1017 3359 1074 3401 rex

123 3422 296 3490 Oracoviac
323 3425 490 3490 instituere
517 3426 661 3509 parabat.
709 3426 750 3491 In
777 3424 938 3490 mandatis
966 3427 1073 3488 autem

122 3512 233 3597 regiis,
265 3512 350 3595 quod
379 3512 421 3576 ad
453 3512 533 3577 alios
564 3514 693 3597 quidem
724 3514 851 3596 attinet,
887 3511 974 3576 facta
1005 3515 1074 3574 erat
