2658 3914
233 228 299 290 206
603 227 689 282 m
706 227 810 282 nter.

232 365 684 482 adrdvflpaeoldavrdr'
708 367 928 445 ἔλλαιαλὸς
954 369 1107 447 ἐδέξαντο
1135 369 1194 434 καὶ

234 461 379 544 δημοσιλι
400 481 469 564 μιν
484 459 596 562 χρυσῷ
618 455 773 568 σιεφιιπ
794 452 1019 540 tastum,
995 483 1041 533 εις
1059 457 1195 522 ε’λευθε-

233 547 360 652 posim
380 543 455 650 τὴν,
459 525 614 625 Ελλάιιιι,
636 546 708 630 ἰδίᾳ
729 523 1068 610 deauramus
1090 565 1195 628 προσ·

233 631 392 716 ἤρχοντο,
427 627 538 714 ὅπερ
569 613 709 717 ἀθλητῇ.
771 633 938 697 Athlctnm
973 637 1082 698 autem
1118 656 1194 698 cum

235 721 329 804 dicit,
351 719 597 805 Olympioninen
618 721 781 805 intelligit.

591 911 739 978 CAPUT
759 911 827 976 LX

233 1031 434 1090 HIPPOLY'I'I
455 1030 562 1090 CARI).
585 1030 759 1087 nsrnnsffi
781 1030 953 1087 PBUDENS
975 1031 1025 1088 DE
1047 1032 1194 1088 SEVERI-
1312 979 1313 996 ¹

588 1119 686 1174 TATE
705 1118 836 1174 SEBHO.

301 1243 403 1328 Saepe
429 1245 511 1309 milii
536 1245 724 1310 obversatum
750 1249 826 1308 ante
858 1244 968 1309 oeulos
994 1243 1194 1328 Hippolytus

234 1329 416 1398 cardinalis
429 1331 658 1414 Ferrariensis,
679 1353 775 1414 saepe
797 1333 837 1395 da
854 1332 912 1396 illo
924 1332 1073 1416 vigilans,
1096 1355 1194 1417 saepe

234 1419 333 1484 etiam
359 1419 521 1484 dormiens
548 1419 668 1503 cogito:
695 1423 730 1482 et
754 1439 875 1504 magna
901 1441 1016 1484 caussa
1042 1423 1105 1502 est,
1135 1443 1195 1486 cur

234 1507 269 1573 id
290 1507 397 1572 iacere
419 1506 561 1571 &boam
597 1505 725 1570 Priuius
737 1507 793 1570 ille
813 1507 1017 1571 fortunarum
1037 1529 1193 1592 mearum,

235 1595 410 1680 quantulae
436 1595 511 1659 illas
537 1595 669 1658 tandem
695 1599 933 1678 nunquamne,
959 1599 1072 1659 auctor
1093 1600 1192 1680 atque
1312 1667 1313 1680 χ

235 1684 382 1766 inceptor
403 1682 476 1748 init
521 1680 710 1784 Quindecim
724 1703 827 1746 annos
849 1686 883 1745 ct
904 1703 943 1747 eo
966 1683 1104 1766 mplius
1118 1705 1192 1748 cum

235 1791 273 1836 eo
300 1770 550 1836 familiarissime
577 1771 656 1834 vixi.
684 1790 758 1833 cum
780 1770 921 1870 optimus
943 1773 977 1834 et
997 1771 1192 1835 humanissi-

235 1879 307 1923 mus
321 1857 476 1941 Princeps
498 1879 558 1922 sua
578 1879 704 1921 meeum
727 1857 925 1941 gradssimis
943 1858 983 1921 de
1004 1858 1101 1922 rebus
1116 1880 1192 1923 con-

236 1945 308 2010 silia
321 1965 550 2028 saepenumero
564 1945 826 2010 communicaret·
846 1965 1079 2029 nonnunquam
1093 1948 1191 2011 etiam
1311 1951 1313 1968 ‘

236 2032 348 2096 eodem
369 2033 465 2116 plane
479 2032 584 2116 modo,
607 2053 671 2117 quo
684 2033 832 2133 magistri
849 2033 1110 2115 discipulorum'
1099 2055 1191 2119 mge-

235 2121 291 2185 nia
317 2120 546 2205 interrogando
572 2120 709 2203 experiri
736 2121 854 2203 solent,
885 2141 990 2183 meam
1020 2142 1117 2204 super
1144 2123 1191 2186 eis
1312 2149 1313 2152 ¹

236 2209 429 2273 sententiam
452 2207 646 2293 exquireret:
669 2230 690 2271 a
712 2229 746 2271 se
768 2207 930 2271 interdum
948 2208 1192 2273 dissentientem

236 2295 430 2381 aequissimo
444 2296 553 2360 animo
566 2295 677 2360 ferret:
700 2298 860 2358 errantem
878 2296 1098 2360 amantissime
1122 2298 1191 2361 red-

236 2387 397 2469 argueret,
419 2384 655 2466 multarumque
668 2403 776 2446 rerum
789 2382 830 2446 ad
847 2383 947 2446 vitam
960 2384 1191 2466 pertinentium

236 2491 295 2554 pro
327 2470 483 2555 singulari
513 2469 653 2552 prudent
638 2469 697 2552 tia,
734 2490 797 2552 qua
826 2470 990 2552 praeditus
1022 2475 1104 2554 erat,
1137 2473 1190 2536 ad-

236 2559 390 2622 monmet
425 2555 599 2639 Praecipue
612 2559 719 2620 autem
742 2578 815 2620 cum
828 2557 930 2620 Tibur
950 2579 1190 2643 secesseramus,

236 2643 292 2709 ubi
305 2643 359 2707 ille
373 2644 546 2728 quotannis
561 2643 699 2708 aestivos
712 2665 839 2708 menses
861 2645 1041 2729 transigere
1058 2647 1190 2731 solebat,

237 2731 345 2796 nullus
367 2729 432 2796 fere
447 2730 558 2796 abibat
571 2730 639 2795 dies
644 2731 753 2814 ,quin
775 2753 832 2815 per
846 2731 1024 2796 studiorum
1042 2734 1192 2818 speciem,

237 2819 309 2884 aliis
331 2819 480 2885 omnibus
503 2819 651 2901 exclusis,
677 2819 773 2884 horas
796 2818 919 2904 aliquot
940 2841 1005 2884 una
1031 2821 1189 2886 iucundis·

238 2907 327 2973 simis
341 2907 542 2974 sermonibus
556 2927 823 2973 consumeremus.
858 2906 1055 2992 Utinamque
1072 2929 1190 2992 eorum,

238 3017 319 3081 quae
347 2995 488 3080 quotidie
516 2995 640 3060 abillo
667 2995 848 3078 audiebam,
879 2995 1126 3060 commentarios
1159 3001 1191 3061 et

238 3083 445 3149 coniecissem
473 3083 659 3168 diligentius
685 3086 719 3146 et
741 3081 915 3147 studiosius
942 3103 1189 3149 conservassem.

239 3169 301 3236 Sed
323 3171 490 3236 hominum
512 3169 760 3255 incogitantiam
782 3191 884 3252 more,
907 3171 976 3254 qui,
999 3191 1134 3255 quorum
1157 3172 1189 3235 in

238 3278 390 3342 praesens
413 3257 506 3341 copia
519 3261 577 3340 est,
599 3278 637 3321 ea
651 3257 712 3321 sibi
726 3260 880 3341 perpetuo
893 3261 1008 3341 parata
1030 3256 1098 3322 fore
1117 3281 1188 3324 con·
1312 3313 1313 3324 ,

238 3343 354 3430 fidunt,
382 3347 415 3408 et
442 3364 459 3408 e
486 3343 632 3427 plurimis
663 3345 856 3428 paucissima
888 3345 1075 3429 seligebam,
1110 3367 1190 3430 quae

239 3431 411 3497 memoriae
435 3451 548 3496 caussa
575 3431 797 3515 consignarem
819 3432 948 3514 litteris,
971 3435 1005 3496 et
1026 3454 1080 3496 eas
1104 3435 1191 3517 ipsas

240 3517 356 3602 scidas,
383 3519 418 3584 in
445 3539 525 3602 quas
552 3518 609 3582 illa
635 3519 846 3604 conieceram,
876 3524 990 3603 postea
1015 3519 1063 3584 ita
1090 3521 1190 3604 negli-
