2656 3910
426 204 431 218 '
478 235 658 293 nnsuous
676 237 723 292 111.
1059 235 1080 299 5

125 381 279 465 epistolas
305 380 511 446 inambulans
534 379 664 466 dictem,
690 379 755 444 nisi
778 377 907 464 siquid
930 379 991 444 erit
1013 378 1080 443 τῶν

125 463 336 554 ἀποῤῥήτων·
364 490 549 555 quanquam
575 469 655 534 haec
678 489 804 554 quoque
826 466 1001 551 interdum,
1025 466 1082 532 sed

126 556 163 623 ἐν
186 559 368 642 αἰνίγμασι.
399 558 506 622 Antea
519 557 606 622 enim
620 557 763 622 solebam
777 555 922 621 statima
944 555 1081 640 prandio

6 637 19 674 ³
126 647 284 712 calamum
306 646 342 710 in
368 666 502 710 manum
524 667 649 711 sumere
671 645 840 710 ethoram
862 665 961 709 unam
984 647 1081 729 atque

126 735 259 800 altemrn
290 734 498 819 epistolarum
530 734 697 819 scriptioni
728 734 817 798 dare:
849 754 913 818 quo
943 753 978 797 rc
1009 731 1082 817 ipsa

126 823 268 907 comperi
292 822 376 888 nihil
400 843 471 888 esee
499 823 718 908 perniciosius.
764 821 891 889 Oarebo
917 821 1018 906 igitur
1040 822 1082 904 et,

125 915 162 976 ut
184 932 310 996 mones,
333 933 463 996 parcam
485 911 578 996 mihi,
601 933 674 978 cum
696 932 769 975 mea
791 932 901 994 causa,
923 913 994 974 tum
1015 930 1081 973 me·

124 1000 270 1066 hercules
296 999 395 1064 etiam
420 1003 487 1064 tua.
531 998 607 1065 Non
634 999 721 1064 enim
746 999 850 1062 levem
875 1018 980 1082 neque
1007 1016 1081 1060 cou-

126 1087 333 1152 temnendam
354 1087 512 1152 iacturam
537 1088 672 1171 faceres,
699 1086 828 1171 siquid
853 1085 934 1150 mihi
956 1083 1080 1149 contin·

126 1178 225 1261 geret
256 1177 362 1241 Φίλου
375 1169 440 1262 γὰρ
455 1169 556 1240 οὐδὲν
568 1175 675 1259 κτῆμα
688 1169 893 1260 τιμιώτερον.
920 1172 992 1258 Ego
1006 1193 1082 1238 vero

127 1265 247 1330 amicus
274 1263 336 1330 tibi
363 1285 448 1348 sum,
470 1267 505 1328 et
531 1263 652 1329 amicus
675 1284 713 1328 ex
739 1261 861 1328 auimo:
890 1263 1000 1348 quales
1026 1259 1082 1325 ad-

126 1353 257 1418 modum
284 1373 403 1438 paucos
430 1373 593 1418 essenon
619 1352 737 1417 iniuria
766 1351 957 1438 querebatur
978 1349 1082 1414 Thec-

127 1442 209 1527 gnis.
253 1440 303 1506 Dc
330 1439 471 1526 Catullo,
497 1442 646 1526 exiguam
672 1444 709 1505 tu
737 1441 865 1525 quidem
893 1439 974 1503 mihi
998 1437 1082 1502 diem

126 1529 291 1615 praefinie3
315 1530 371 1594 sed
392 1533 502 1596 tamen
525 1529 653 1594 dabitur
667 1550 773 1613 opera,
795 1532 832 1593 ut
854 1528 992 1593 satisfiat
1011 1526 1103 1608 tibi.¹

127 1617 310 1703 Torquatus
342 1617 484 1682 Bembus
513 1617 682 1701 respoudit
713 1637 747 1680 se
775 1614 991 1699 cognoscendi
1019 1613 1084 1678 mei
1110 1657 1111 1661 ,

128 1706 370 1790 cupidissimum
391 1724 476 1788 esse,
498 1703 641 1788 mihique
663 1703 800 1766 libenter
822 1703 1084 1786 mutuaturum,

127 1813 317 1880 quacumque
339 1793 374 1856 in
396 1813 431 1857 re
453 1795 572 1876 posset.
608 1789 701 1867 Quod
724 1791 870 1875 scribam,
893 1787 980 1853 aliud
1001 1788 1084 1852 nihil

129 1881 276 1946 occurrit.
301 1879 412 1943 Etiam
434 1884 529 1964 atque
553 1879 650 1944 etiam
672 1879 752 1964 vale,
774 1879 819 1944 mi
841 1877 977 1944 Manuti.
999 1875 1039 1943 A.
1054 1875 1082 1942 d.

128 1986 174 2033 ιν.
188 1965 323 2031 Kalend.
337 1965 439 2050 April.
452 1967 595 2033 Patauio.

528 2139 688 2155 ἠ

579 2281 631 2348 III

377 2409 561 2484 PAULUS
588 2409 837 2484 MANUTIUS

408 2546 446 2601 n.
464 2545 631 2602 nuscum
649 2545 811 2604 uuuuuc.

211 2669 273 2748 Qui
304 2669 384 2736 mihi
415 2674 488 2736 tuas
519 2673 630 2738 attulit
659 2672 784 2756 literas,
820 2672 850 2737 ei
881 2693 941 2758 ego
977 2691 1084 2736 meam

131 2780 260 2824 omnem
275 2781 414 2844 operam,
438 2761 466 2825 si
480 2762 591 2846 quain
604 2782 639 2826 re
652 2761 818 2844 velletuti,
840 2763 936 2846 atque
951 2760 1084 2826 omnino

131 2847 286 2932 quidquid
307 2849 412 2932 vale0‚
434 2852 491 2912 tua
513 2869 611 2914 causa
632 2849 739 2914 detuli.
783 2847 883 2914 Visus
907 2851 957 2914 est
977 2869 1083 2912 meam

131 2936 306 2998 amicitiam
328 2935 459 3019 plurimi
480 2937 584 3000 facere
599 2940 632 3001 et
654 2957 737 3000 ame
759 2940 886 3018 praeter
909 2957 980 2999 cam
1002 2936 1084 2998 nihil

131 3024 292 3106 expetere,
319 3023 405 3106 quod
426 3023 474 3086 illi
500 3023 689 3087 facillimum
711 3023 773 3086 fuit
794 3023 980 3106 impetrare3
1007 3043 1084 3086 nam

131 3131 204 3175 cum
227 3109 376 3176 omnibus
398 3113 516 3174 natura
537 3112 642 3194 pate0,
664 3112 734 3174 tum
755 3132 840 3195 vero,
864 3111 919 3195 qui
941 3133 961 3176 a
981 3114 1014 3176 te
1038 3111 1083 3176 di·

130 3199 283 3284 liguntur,
306 3219 416 3263 amore
430 3219 502 3264 meo
524 3220 690 3286 nunquam
714 3200 928 3266 excludentur.
965 3197 1084 3267 Catulli

132 3286 217 3371 quod
244 3287 329 3372 apud
351 3290 384 3351 te
405 3286 564 3371 reliquum
587 3291 645 3374 est,
667 3288 765 3353 biduo
788 3290 817 3354 si
838 3289 977 3372 miseris,
1005 3290 1084 3354 satis

131 3378 310 3459 opportune
336 3374 443 3441 facies.
488 3373 612 3440 Deinde
639 3377 719 3441 mihi
746 3399 826 3442 orna
849 3377 928 3442 duos
951 3379 1083 3442 comites

130 3461 213 3545 eius,
243 3466 413 3547 utrumque
441 3462 588 3549 dignum,
614 3465 671 3529 ubi
701 3466 851 3531 nervulos
882 3465 1005 3550 ingenii
1035 3465 1084 3529 tui

46 3589 52 3594 -
130 3550 318 3636 contendam
349 3551 447 3615 etiam
476 3551 556 3616 illud
587 3551 667 3616 mihi
692 3552 809 3617 tribuis
835 3553 972 3637 petenti,
999 3553 1083 3637 quod
