2658 3914
222 215 288 278 212
598 219 683 274 VAR.
702 219 803 275 Lacr.

224 360 278 444 sit,
302 361 390 426 ouius
419 362 546 446 generis
569 362 713 427 aedificia
735 363 867 446 habeat,
891 383 972 448 quae
993 364 1030 428 in
1052 383 1180 449 quaque

224 448 268 512 sit
289 450 442 513 mercium
456 447 695 534 ceterarumque
709 471 816 514 rerum
830 451 872 514 ad
894 451 1067 533 explendas
1090 451 1180 534 cupi-

224 535 339 600 ditates
363 537 675 602 accommodatarum
697 537 802 621 copia,
830 559 902 602 oum
926 538 1056 602 domum
1078 539 1179 602 redie-

222 624 297 706 rint,
310 645 441 687 narrare
456 626 642 709 aequalibus
657 626 797 708 possint:
812 626 927 709 quibus
940 626 1068 710 legibus
1082 630 1179 708 atque

222 711 380 776 institutis
394 715 573 795 temperata
587 714 643 796 sit,
666 713 782 797 quibus
796 713 1040 797 magistratibus
1058 717 1179 792 utatur,

223 799 383 882 quomodo
407 820 457 884 ea,
481 822 561 884 quae
585 801 626 864 ad
649 821 683 865 se
706 801 958 865 conservandam
978 801 1071 865 utilia
1093 804 1179 884 sunt,

222 890 444 971 persequatur,
472 888 670 973 declinetque
692 889 867 953 contraria:
895 889 1011 952 horum
1034 889 1179 953 omnium

222 996 263 1038 ne
286 976 514 1060 cogitationem
538 975 667 1060 quidem
681 976 860 1059 suscipiunt
872 978 981 1041 ullam.
1010 974 1056 1039 Et
1068 980 1179 1040 tamen

222 1063 304 1126 nihil
325 1064 470 1147 prodest,
493 1066 595 1128 multa
617 1065 688 1129 loca
700 1064 830 1147 vidisse,
852 1064 917 1128 nisi
938 1064 1053 1128 harum
1071 1084 1178 1128 rerum

221 1151 371 1215 notitiam
404 1152 599 1236 adiunxeris;
634 1151 859 1236 praeclareque
890 1151 930 1215 de
963 1149 1079 1235 Ulysse
1110 1149 1179 1216 Ho-

222 1259 328 1302 merus
336 1238 375 1324 1);

266 1342 410 1408 Πολλῶν
433 1337 464 1407 δ’
489 1337 680 1428 ἀνθρώπων
704 1346 776 1408 ἴδεν
798 1339 898 1408 ἄστεα
916 1342 971 1408 καὶ
985 1339 1068 1409 νόον
1083 1345 1179 1426 ἔγνω.

229 1465 334 1545 Urbes,
370 1466 489 1551 inquit,
530 1467 697 1532 maltorum
731 1467 892 1531 bominum
926 1468 1016 1546 ondit,
1052 1468 1179 1550 ingenia

222 1560 411 1636 naturaeque
439 1555 583 1637 copaooit.
634 1553 722 1630 Quae
748 1575 784 1618 re
815 1554 887 1638 ipsa
914 1555 1067 1620 distincta
1093 1558 1178 1637 sunt,

223 1664 261 1706 ea
284 1643 432 1707 distinxit
453 1643 551 1707 etiam
573 1642 688 1707 uerbis.
724 1639 952 1726 Negligentius
974 1639 1177 1728 Horatius²):

269 1765 330 1846 Qua·
352 1786 448 1831 mores
470 1764 629 1830 minum
651 1766 819 1830 maldrum
841 1766 920 1830 vido
940 1771 969 1830 et
988 1765 1085 1831 arbes.

222 1885 328 1954 Urbes
355 1889 452 1953 etiam
475 1910 495 1953 a
517 1891 739 1972 praetereunte
766 1887 867 1952 videri
893 1892 1043 1972 possunt:
1072 1908 1178 1952 mores

224 1977 374 2060 cognosci
400 1977 465 2040 nisi
488 1976 632 2041 adhibita
654 1998 730 2041 cura
752 1979 785 2040 et
814 1976 919 2040 studio
942 1998 1009 2041 non
1031 1979 1177 2059 possunt

224 2062 336 2147 Solon,
363 2063 577 2148 Pythagoras,
609 2063 703 2128 Plato
738 2064 855 2147 aliique
890 2064 967 2128 olim
998 2064 1110 2147 magni
1141 2084 1179 2127 ao

223 2156 424 2237 praestantes
456 2152 517 2216 viri
550 2172 587 2216 eo
621 2152 756 2216 consilio
788 2151 984 2236 peregrinati
1020 2154 1109 2229 sunt,
1141 2154 1179 2214 ut

225 2262 322 2325 quam
352 2240 527 2304 maximam
559 2239 621 2305 sibi
655 2241 771 2304 talium
805 2260 912 2304 rerum
948 2239 1178 2323 supellectilem

224 2331 456 2411 compararent
502 2326 692 2411 Quanquam
715 2328 802 2391 enim
823 2327 918 2390 utin
945 2327 1050 2391 aliena
1072 2326 1179 2409 domo,

225 2417 270 2480 sic
292 2417 327 2480 in
350 2416 455 2479 aliena
476 2415 640 2498 republica
661 2418 784 2499 negant
805 2414 965 2480 curiosum
993 2435 1063 2479 esse
1086 2435 1178 2497 opor-

223 2508 305 2586 tere3
326 2503 407 2567 haec
428 2506 551 2585 tamen,
573 2524 670 2586 quam
689 2502 769 2586 dico,
792 2502 960 2567 euriositas
974 2505 1007 2567 et
1028 2502 1179 2585 privatim

224 2611 350 2674 semper
373 2594 406 2653 et
426 2590 552 2673 publice
566 2589 655 2654 utilis
672 2589 743 2654 fuit.
778 2589 888 2654 Aliam
906 2590 1068 2675 quandam
1081 2589 1178 2653 ratio·

224 2701 299 2744 nem
322 2682 449 2743 secutus
472 2674 676 2764 estPlato³),
699 2678 755 2762 qui
776 2678 871 2743 huius
889 2678 1016 2762 generis
1038 2677 1178 2762 peregri-

224 2768 372 2832 nationes
407 2787 512 2851 naque
538 2765 604 2830 nisi
634 2765 842 2850 magistratus
873 2766 1046 2848 permissu,
1074 2786 1179 2850 neque

224 2854 288 2920 nisi
302 2878 322 2920 a
336 2854 601 2940 quinquagesimo
619 2875 720 2938 usque
743 2853 784 2917 ad
807 2853 1041 2937 sexagesimum
1064 2854 1179 2917 aetatis

225 2966 346 3009 annum
374 2943 492 3027 suscipi
518 2942 632 3006 voluit:
661 2941 747 3026 quod
774 2942 944 3026 probarem
973 2944 1006 3005 et
1037 2941 1120 3026 ipse,
1152 2941 1180 3004 si

224 3055 289 3184 tl?
311 3054 449 3184 uillam
462 3029 821 3183 lllbrutssttflss
845 3029 1180 3181 ‘ltlltltltlt

224 3207 392 3271 hominum
419 3141 623 3270 mdltitudine
650 3206 686 3268 in
711 3166 910 3288 provinbiam
937 3137 1078 3288 aliqudm
1106 3226 1180 3269 con-

224 3295 342 3359 fluente
365 3293 473 3376 ibique
497 3291 587 3356 sedes
609 3293 728 3376 figente
751 3295 784 3356 et
810 3292 1079 3376 adolescentibus,
1103 3313 1180 3376 quo-

225 3404 296 3446 rum
319 3379 498 3464 improvida
520 3381 609 3442 aetas
624 3379 664 3442 ad
687 3379 853 3444 libidinem
875 3381 1065 3464 plerumque
1084 3401 1181 3464 quam

299 3535 318 3605 ¹)
338 3535 427 3590 od.1.
447 3539 473 3588 θ.
545 3533 814 3603 ¹)Art.Poet.142.
888 3533 963 3604 ⁸)de
980 3534 1049 3604 Leg.
1062 3533 1123 3590 XII.
1139 3541 1181 3591 12.
