2658 3914
232 180 297 243 216
608 180 692 234 vnn.
712 179 813 235 LECT.

230 328 316 388 teras
345 321 477 410 enim1),
510 345 589 406 quas
618 323 659 386 ad
686 344 795 408 regem
828 324 867 388 de
894 323 1075 408 proditione
1103 324 1189 390 ferre

230 414 335 476 iussus
359 415 439 494 erat,
463 410 504 474 ad
527 409 645 494 Cyrum
669 412 791 475 attidit:
819 415 915 496 atque
937 412 984 475 ita
1006 411 1189 495 proditione

231 501 369 582 detecta,
399 498 539 563 Orontas
567 499 671 582 capite
698 520 819 582 poenas
846 498 915 562 luit.
960 497 1031 563 Hoc
1059 520 1132 564 curn
1155 503 1191 564 et

231 588 271 650 ad
297 587 451 651 historiae
482 585 651 649 veritatem
682 587 733 649 vel
759 585 898 650 maxime
924 587 1113 671 pertineret,
1146 593 1190 672 et,
1312 579 1313 592 ¹

230 675 368 737 mirante
390 694 455 756 me,
478 695 498 736 a
519 694 620 756 puero
643 673 787 738 nondum
811 673 978 738 duodecim
992 695 1095 738 annos
1108 677 1189 740 nato

231 761 437 846 sagacissime
466 760 723 825 animadversum
746 765 844 846 esset,
867 761 1001 846 dignum
1024 761 1110 846 quod
1132 763 1188 826 ad-

231 850 402 914 scriberem
425 848 572 913 iudicavi.

577 1022 720 1090 CAPUT
742 1023 840 1090 LXV.

229 1143 397 1199 ELEGANS
425 1143 608 1198 PLATONIS
635 1143 828 1198 LIBRORUM
852 1143 899 1197 DE
928 1143 1007 1200 REP.
1031 1143 1189 1200 lNlTIUM.

228 1231 361 1285 LYsmn
373 1231 507 1286 STILUS.
526 1231 656 1287 FABIUS
667 1230 755 1296 QUIN
758 1229 952 1286 GTILIANUS
965 1230 1188 1287 CORREOTUS.

295 1338 336 1403 In
359 1338 567 1420 scriptoribus
589 1338 763 1420 pectendos
787 1360 825 1401 ac
839 1339 1011 1404 comendae
1030 1339 1189 1404 orationis

230 1425 381 1490 studiosis
409 1446 446 1488 ea
477 1424 549 1507 ipsa
575 1446 825 1509 nonnunquam,
854 1448 935 1510 quae
968 1429 1082 1508 sponte
1113 1425 1191 1490 fusa

230 1514 379 1578 omnibus
402 1513 596 1596 viderentur,
619 1534 744 1577 summo
769 1513 875 1578 studio
900 1514 1064 1577 elaborata
1079 1517 1111 1576 et
1134 1536 1188 1576 ex-

228 1603 332 1685 polita
354 1604 438 1666 sunt.
485 1599 576 1676 Quod
600 1622 660 1685 ego
684 1599 763 1664 mihi
787 1622 881 1684 saepe
903 1601 938 1664 in
957 1599 1054 1684 Lysia
1077 1600 1188 1665 obser-

228 1711 320 1753 vasse
344 1680 466 1772 videor,
494 1692 531 1752 ut
553 1710 625 1752 cum
648 1689 752 1752 verbis
774 1690 960 1772 plerumque
991 1688 1188 1772 quotidianis
1312 1733 1313 1754 t

229 1780 352 1860 utatur,
379 1780 540 1840 structura
566 1780 676 1839 tamen
704 1779 736 1839 et
765 1777 932 1841 collocatio
956 1798 1067 1853 eorum
1096 1777 1188 1840 nullo
1312 1785 1313 1796 ¹

229 1865 325 1928 modo
348 1865 468 1928 mutari
490 1868 600 1947 queat,
623 1864 702 1948 quin
726 1863 846 1946 aliquid
870 1865 907 1928 de
931 1865 1036 1948 gratia
1059 1867 1092 1928 et
1114 1886 1187 1928 sua-

229 1953 328 2015 vitate
361 1951 516 2015 orationis
548 1951 718 2016 deteratur.
772 1951 912 2015 Tantum
944 1951 1029 2035 apud
1064 1951 1187 2035 peritos

229 2040 367 2103 artifices
394 2039 429 2102 in
455 2040 526 2122 ipso
555 2040 754 2124 singularum
776 2061 891 2103 vocum
914 2039 1024 2104 ordine
1052 2043 1085 2103 et
1111 2037 1186 2103 c'on-

228 2127 392 2191 iunctione
422 2127 578 2190 momenti
609 2131 666 2192 est.
719 2125 838 2190 Audivi
869 2149 889 2190 a
920 2127 1067 2191 maximis
1099 2126 1188 2211 viris,

230 2215 348 2299 quique
369 2214 402 2277 id
424 2214 574 2278 facillime
588 2236 683 2278 nosse
697 2217 856 2298 poterant,
877 2211 1073 2279 Ludovicum
1092 2213 1187 2278 Ario-

230 2306 324 2385 stum,
337 2300 574 2377 nobilissimum
587 2302 806 2366 nobilissimae
827 2302 939 2366 domus
945 2299 971 2387 2)
985 2323 1186 2386 praeconem,

230 2390 264 2452 in
295 2390 419 2454 duobus
446 2390 560 2471 primis
588 2388 769 2473 grandioris
798 2390 884 2453 illius
912 2387 1102 2476 potmatis³)
1135 2391 1187 2453 sui

232 2477 377 2540 versibus
405 2476 478 2558 plus
507 2497 603 2559 quam
633 2477 718 2540 credi
744 2480 853 2561 potest
878 2478 1056 2559 laborasse,
1081 2498 1187 2559 neque

231 2563 292 2627 sibi
314 2563 402 2646 prius
417 2563 561 2626 animum
575 2564 700 2646 explere
722 2565 879 2649 potuisse,
903 2587 998 2648 quam
1019 2586 1091 2629 oum
1112 2565 1187 2628 illos

230 2651 265 2714 in
289 2671 416 2714 omnem
439 2653 565 2734 partem
588 2651 641 2714 diu
663 2652 865 2736 multumque
888 2656 1054 2716 versasset.
1094 2650 1186 2715 Idem

231 2738 347 2802 accidit
370 2742 402 2802 et
424 2738 625 2802 nobilissimo
647 2738 859 2802 Etruscorum
881 2743 1064 2823 potiturum,
1085 2738 1185 2802 Fran-

232 2827 315 2891 cisoo
339 2825 545 2909 Petrarchae,
569 2826 658 2891 cuius
681 2848 721 2890 ex
735 2827 950 2910 autographo,
974 2827 1059 2911 quod
1072 2827 1187 2890 habuit

231 2915 280 2979 vir
302 2914 599 2998 praestantissimus
614 2913 729 2978 Petrus
747 2912 898 2996 Bembus,
921 2914 1014 2978 facile
1037 2913 1187 2997 cernitur,

231 3025 305 3066 eum
331 3003 367 3065 in
393 3003 536 3066 limando
564 3001 703 3066 secundo
730 3001 808 3065 item
839 3005 1024 3082 poematum
1056 3021 1188 3066 suorum

230 3111 325 3154 versu
353 3111 446 3171 saepe
475 3089 616 3153 sudasse.
666 3087 728 3153 Sed
755 3089 817 3152 hoc
849 3089 884 3151 in
915 3089 1019 3171 postis
1049 3089 1188 3153 fortasse

230 3177 338 3240 minus
361 3178 477 3240 mirum
497 3180 558 3259 est,
582 3176 637 3259 qui
655 3177 754 3239 verba
776 3175 985 3239 dimetiuntur
1013 3197 1189 3260 omnesque

231 3263 357 3344 lepores
381 3283 418 3325 ao
435 3262 628 3327 festivitates
649 3262 774 3326 dicendi
793 3267 993 3347 aucupantur
1015 3264 1188 3346 voluptati-

305 3417 325 3486 ¹)
345 3416 385 3471 cf.
404 3416 493 3469 Anab.
512 3416 533 3470 1.
553 3422 578 3483 6,
597 3421 622 3470 3.
776 3417 797 3487 Ι)
817 3418 846 3471 ‘i.
866 3434 890 3473 e.
909 3415 987 3472 ducis
1004 3417 1190 3474 Ferrariensis

231 3485 340 3540 Alfonsi
358 3488 390 3541 I.’
474 3485 495 3554 ⁸)
516 3485 639 3540 Orlaado
656 3486 772 3552 furioso.
