2656 3910
232 220 274 284 52
500 216 614 274 EPIST.
639 216 765 274 XXXVI.
783 216 921 273 XXXVlL

636 393 785 461 XXXVL

564 515 680 570 EIDEM
701 515 859 572 RIPARIO.

299 624 350 691 Ne
371 624 495 709 priores
522 624 647 690 litterae
669 627 743 688 tuae
767 623 808 689 ad
829 627 862 688 te
889 622 1107 708 pervenirent,
1131 623 1204 690 Oa-

234 714 296 780 roli
317 713 441 778 inomia
462 713 584 778 factrus
606 714 684 796 erat,
707 712 796 776 onius
817 714 855 776 tu
875 731 1001 797 quoque
1022 713 1202 797 negligen-

233 804 314 867 tiam
335 802 431 866 nosti.
463 799 559 865 Nunc
581 822 647 865 una
668 821 741 864 cum
762 800 814 864 his
836 800 917 864 meis
940 803 1092 884 utrasque
1115 805 1200 868 tuas

234 890 370 975 accipies
399 890 557 975 simulque
583 889 646 954 hoc
672 888 846 973 intelliges,
874 885 975 974 (quod
996 888 1057 952 tibi
1080 893 1200 973 gratu-

233 979 333 1065 leris)
355 979 548 1063 posteriores
562 977 665 1041 multo
687 976 836 1042 meliores
855 996 924 1041 esse
946 977 1123 1060 prioribus:
1145 983 1199 1062 ut,

235 1069 264 1133 si
286 1068 327 1132 ad
353 1068 452 1132 istum
478 1067 609 1131 modum
630 1084 760 1150 pergas,
787 1083 906 1149 magna
932 1064 1011 1129 mihi
1037 1085 1111 1148 spes
1140 1067 1199 1150 sit,

234 1160 267 1219 tc
288 1155 451 1238 praeclare
473 1175 704 1237 responsurum
726 1153 957 1236 exspectationi
978 1173 1076 1217 meae.
1106 1152 1198 1218 Vide

235 1243 349 1327 igitur,
376 1243 404 1306 si
431 1262 481 1304 me
509 1263 612 1324 amas,
640 1241 724 1326 quod
752 1243 785 1304 et
810 1240 891 1305 facis
919 1243 952 1304 et
977 1240 1081 1305 iacere
1104 1245 1197 1306 certe

236 1330 347 1412 debes,
373 1332 411 1392 ut
438 1328 588 1393 omnibus
616 1326 698 1392 aliis
715 1329 810 1393 rebus
836 1327 1005 1414 neglectis,
1033 1332 1197 1414 quantum

236 1417 367 1502 quidem
378 1416 571 1481 valetudinis
594 1415 677 1479 ratio
690 1416 839 1499 patietur,
861 1436 977 1502 urgeas
991 1417 1097 1481 studia
1118 1420 1196 1481 tua:

236 1506 338 1569 multa
360 1505 462 1589 legas,
484 1504 587 1568 multa
609 1503 744 1588 ediscas,
772 1505 874 1568 multa
895 1505 1019 1588 audias,
1041 1504 1195 1589 frequen-

235 1598 285 1657 ter
312 1614 385 1658 curn
412 1593 452 1657 iis
479 1613 617 1676 versere,
645 1613 780 1677 quorum
807 1592 1024 1656 familiaritate
1051 1613 1088 1656 ac
1115 1614 1194 1657 con-

238 1681 404 1747 suetudine
431 1680 545 1746 melior
567 1702 605 1746 ac
627 1680 750 1745 doctior
775 1680 845 1744 fieri
872 1683 975 1764 potes.
1017 1678 1082 1745 Fac
1104 1681 1194 1765 cogi·

235 1773 295 1854 tes,
318 1769 542 1854 gravissimam
565 1790 634 1834 esse
652 1769 809 1833 iacturam
830 1769 998 1852 temporis,
1021 1768 1194 1852 praecipue

237 1861 344 1921 autem
365 1858 430 1922 ista
453 1859 570 1938 aetate,
594 1859 715 1940 quatu
737 1877 824 1920 nunc
846 1877 894 1939 es,
916 1855 998 1921 hora
1019 1856 1109 1920 nulla
1129 1857 1194 1921 tibi

236 1943 341 2028 perire
369 1945 437 2008 sine
468 1962 588 2028 magno
616 1942 783 2027 dispendio
813 1946 929 2027 potest.
975 1942 1086 2008 Saluta
1110 1943 1194 2008 mihi

237 2034 477 2116 praeceptorem
498 2034 603 2115 tuum,
626 2032 677 2095 cui
703 2050 792 2097 meas
816 2031 856 2095 ad
878 2035 911 2096 te
938 2033 1062 2097 litteras
1085 2033 1192 2096 osten·

238 2121 295 2185 das
317 2119 400 2185 licet
429 2119 495 2184 Eas
519 2119 656 2205 quidem,
679 2141 759 2205 quas
781 2122 818 2184 tu
840 2119 882 2183 ad
904 2141 955 2184 me
977 2121 1133 2185 missurus
1148 2141 1192 2204 es,

236 2208 791 2379 iiiiiftiiiiuipi⁸iiiiel⁰ii
815 2227 986 2379 “trimis
1008 2208 1191 2361 iiiii&

237 2383 429 2449 Alexander.
451 2381 509 2447 IV.
523 2381 658 2446 Id.Iulii
670 2400 800 2446 maxx.
823 2383 949 2448 Tibure.

307 2470 434 2535 Oblitus
461 2489 548 2533 eram
571 2469 721 2554 scribere,
747 2470 817 2534 heri
839 2471 875 2536 in
900 2492 1013 2536 mensa
1038 2472 1190 2536 iniectum

238 2577 308 2622 esse
336 2577 516 2622 sermonem
537 2557 577 2621 de
603 2558 782 2623 comoedia:
810 2581 874 2643 qua
901 2561 1068 2626 occasione
1089 2560 1191 2624 multa

239 2645 277 2710 de
303 2648 337 2709 tc
365 2666 491 2730 quoqne
519 2645 604 2710 diota
636 2649 720 2711 sunt.
764 2646 868 2712 Valde
898 2647 960 2711 tibi
989 2651 1067 2712 tuno
1099 2669 1189 2712 aures

237 2732 407 2798 tinnivisse
430 2736 567 2818 oportet
612 2733 752 2800 Omnino
776 2755 869 2820 spero
889 2735 968 2821 fore,
990 2739 1027 2801 ut
1047 2735 1111 2801 huo
1132 2736 1190 2801 libi

238 2822 281 2887 ad
302 2843 354 2888 me
375 2822 568 2888 vomendum
591 2821 643 2887 sit

632 3103 801 3172 XXXVII.

572 3223 689 3278 amun
711 3223 867 3280 airoino.

308 3347 452 3412 litteras
473 3351 548 3413 tuae
570 3348 764 3432 posteriores
786 3370 931 3434 quaeque
952 3350 1109 3415 meliores.
1144 3349 1190 3414 De

243 3436 369 3502 ratione
396 3438 504 3500 autem
531 3427 711 3501 atriorum
736 3437 866 3502 tuorum
881 3438 985 3502 selim
1011 3437 1132 3522 aliquid
1153 3439 1190 3502 ad

244 3543 296 3586 sne
319 3521 455 3606 scribas3
478 3525 635 3608 quantum
656 3522 746 3624 legas
766 3524 921 3608 quotidie3
943 3547 1022 3590 num
1045 3524 1121 3609 quid
1143 3546 1190 3588 ex-
