2658 3914
260 231 324 294 164
628 232 712 287 VAR.
732 233 832 289 Lacr.

257 375 415 458 mutabere
440 375 649 441 arbitramini.
693 376 740 440 Ae
761 377 839 441 mibi
860 378 1001 443 almona
1028 381 1145 446 coetum
1168 388 1219 447 ot-

257 464 376 546 tbipeas
401 465 437 526 io
459 462 663 544 Peloponneso
689 465 813 529 obtutis
835 485 919 530 mooe
945 469 1029 532 tedis
1050 471 1219 535 mostibita

256 556 306 616 est.
352 549 440 614 Haec
466 554 630 633 postrema
654 552 769 635 quibus
796 553 902 618 verbis
925 553 1044 620 Graece
1072 579 1218 640 pronun-

257 639 342 702 ciata
357 638 434 721 sint,
458 639 486 702 si
509 639 580 722 quis
594 639 700 703 videre
715 641 811 723 cupit,
833 642 970 724 reperiet
986 643 1071 727 apud
1085 643 1216 712 Aelium

258 724 435 790 Aristidem
459 724 495 790 ἐν
518 727 563 813 τῷ
586 724 660 810 περὶ
683 727 744 791 τοῦ
767 727 1056 812 πωρωφθέγματος.

583 951 727 1020 OAPUT
749 953 899 1021 XXXIV.

257 1075 304 1128 oe
322 1073 418 1130 naen
433 1072 588 1140 carnin
600 1074 797 1130 Prasmon
810 1075 1066 1132 nonnnimms
1079 1076 1214 1134 Penne.

321 1181 442 1283 Multae
466 1181 543 1283 olim
566 1182 651 1283 apud
664 1181 779 1284 l'ersas
802 1183 889 1268 leges
912 1183 1011 1285 tuisse
1033 1184 1214 1270 traduntur,

256 1269 553 1441 aiebatis
574 1271 1213 1443 betisste..XXXXXX

254 1467 353 1509 unam
380 1465 483 1528 nuper
512 1465 584 1510 cum
613 1445 779 1509 inciderim
788 1443 826 1532 ¹),
855 1468 935 1532 quae
961 1469 1064 1532 neque
1092 1448 1212 1533 multis,

254 1534 391 1598 nisime
423 1532 507 1596 fallit
534 1533 673 1616 animus,
705 1534 836 1618 cognita
862 1538 924 1618 est,
954 1537 986 1599 et
1013 1536 1212 1620 dignissima,

256 1643 336 1707 quae
364 1624 576 1706 cognoscatur
598 1621 638 1685 ab
662 1623 826 1688 omnibus:
856 1622 993 1687 iudicavi
1015 1645 1082 1688 non
1104 1625 1212 1709 ingra-

254 1714 324 1774 tum
346 1709 416 1774 fore
438 1709 492 1791 iis,
516 1709 571 1793 qui
593 1709 671 1773 haec
685 1709 803 1794 legent,
826 1710 938 1774 sicam
960 1709 1022 1775 hoc
1043 1711 1114 1776 loeo
1136 1733 1211 1795 pro·
1309 1781 1310 1790 .

254 1818 415 1881 ponerem.
459 1797 541 1861 Erat
562 1797 662 1881 igitur
684 1797 770 1881 apud
792 1819 846 1862 eos
869 1798 916 1861 ita
933 1798 1151 1883 constitutum,
1173 1805 1212 1864 ut
1309 1807 1310 1874 j

254 1907 326 1950 cum
350 1883 421 1969 quis
435 1885 471 1948 in
492 1885 608 1949 iudicio
624 1888 811 1970 argueretur
824 1885 944 1970 aliquid
966 1885 1080 1951 fecisse
1098 1891 1212 1952 contra
1309 1877 1310 1906 ¹

253 1975 354 2057 leges,
377 1971 475 2036 etiam
489 1973 516 2036 si
534 1972 655 2058 liquido
674 1976 837 2037 constaret
859 1994 932 2037 eum
950 1974 1061 2058 culpae
1081 1974 1211 2040 affinem

254 2082 336 2144 esse,
363 2081 430 2124 non
456 2064 566 2124 tamen
594 2060 704 2124 statim
730 2061 1007 2140 condemnaretur,
1038 2062 1093 2127 sed
1119 2063 1210 2146 prius

254 2149 468 2234 inquireretur
495 2148 739 2233 diligentissime
770 2149 805 2212 in
837 2170 966 2213 omnem
996 2148 1082 2214 illius
1109 2151 1211 2215 vitam
1309 2143 1310 2158 ¹

253 2238 451 2321 inireturque
478 2237 570 2319 ratio,
597 2237 731 2320 plurane
758 2237 895 2320 turpiter
918 2239 950 2301 et
972 2237 1142 2322 flagitiose,
1166 2261 1209 2302 an
1309 2309 1310 2312 Ἴ

253 2326 335 2390 bene
366 2323 631 2408 laudabiliterque
669 2324 829 2408 gessisset.
883 2323 966 2388 ’lum
1002 2325 1030 2390 si
1061 2325 1211 2392 vincebat

253 2413 396 2496 turpium
408 2433 569 2494 numerus,
592 2411 879 2476 condemnabatur:
902 2411 954 2476 sin
975 2412 1209 2496 praepondera-

252 2501 371 2564 bantur
401 2499 545 2562 honestis
575 2499 696 2582 turpia,
728 2500 961 2565 absolvebatur.
1013 2498 1210 2585 Cogitabent
1309 2541 1310 2548 .

253 2588 339 2651 enim
360 2585 574 2650 humanarum
601 2586 717 2651 virium
738 2609 806 2652 non
828 2609 911 2671 esse,
934 2591 1056 2653 rectum
1080 2609 1210 2654 cursum
1309 2637 1310 2648 ,

251 2677 407 2759 perpetuo
429 2677 551 2738 tenere:
573 2674 739 2740 habendos
761 2697 820 2760 pro
843 2674 938 2741 bonis
955 2675 1032 2740 viris
1055 2697 1119 2760 eos,
1140 2697 1211 2742 non

253 2763 308 2847 qui
334 2783 501 2846 nunquam
526 2766 707 2847 peccarent,
740 2763 795 2828 sed
828 2763 883 2848 qui
915 2763 1040 2848 saepius
1073 2763 1209 2830 honeste

252 2853 393 2937 agerent.
443 2849 537 2915 Hane
563 2851 668 2934 ipsam
700 2853 805 2936 legem
826 2870 896 2937 'ego
929 2852 970 2915 ab
1001 2851 1040 2915 iis
1073 2873 1210 2939 quoque,

253 2962 388 3025 quorum
410 2940 446 3004 in
459 2961 573 3004 manus
591 2939 626 3003 hi
639 2939 715 3004 libri
727 2939 872 3023 venient,
893 2938 1055 3004 observari
1069 2961 1210 3006 summo-

251 3049 327 3112 pere
350 3027 456 3112 copie,
485 3031 523 3092 ut
548 3048 589 3091 ne
618 3028 727 3091 statim
750 3048 804 3092 eos
827 3027 974 3092 reiiciant
1000 3048 1038 3092 oo
1061 3027 1209 3094 condem-

251 3119 343 3197 nent,
368 3117 395 3180 si
418 3115 494 3200 quid
516 3115 552 3178 in
574 3115 619 3178 eis
643 3136 726 3179 ame
748 3117 914 3198 peccatum
934 3114 1210 3200 deprehenderint.

252 3201 338 3266 Nam
365 3204 393 3266 si
424 3203 549 3266 ratione
575 3200 711 3266 fideliter
737 3203 819 3267 inita
854 3201 957 3267 maior
987 3203 1056 3267 τῶν
1088 3201 1211 3286 ἐσφαλ-

253 3288 363 3372 μένων
386 3281 407 3372 ἢ
435 3289 502 3352 τῶν
529 3288 806 3372 κατωρθωμένων
827 3311 979 3362 numerus
1001 3290 1111 3374 fuerit,
1137 3295 1209 3358 tum

253 3377 414 3460 equidem,
436 3375 515 3460 quin
538 3374 721 3440 reficiantur
743 3379 776 3440 et
798 3377 957 3462 sordeant,
978 3399 1046 3442 non
1069 3399 1192 3445 recuso.
1309 3429 1310 3454 ,

326 3547 346 3615 ¹)
365 3546 466 3601 Herod.
481 3547 501 3602 Ι.
523 3552 582 3601 137.
