2658 3914
527 239 647 295 CAPUT
665 239 720 294 IaX
1031 238 1097 302 207
1192 259 1195 268 ·

141 385 257 468 genter
278 382 393 466 habui,
415 386 575 448 uteorum
596 383 683 448 bona
698 403 879 468 magnaque
900 405 976 467 pars
998 384 1098 466 perie-

141 471 194 534 rit
238 469 350 534 Incido
365 473 473 534 autem
485 491 718 555 nonnunquam
740 471 776 534 in
789 492 897 534 earum
917 471 1101 552 nonnullas,

144 579 226 642 quae
248 579 301 621 me
323 559 445 622 acriore
462 555 658 642 reliquarum
676 558 832 623 desiderio
850 559 1039 641 incendunt,
1062 561 1100 622 ut

143 645 223 709 haec
252 648 315 729 est,
342 666 424 729 quae
450 667 536 710 nuno
563 646 650 710 aliud
678 646 786 730 agenti
808 646 953 710 venitin
975 667 1099 710 manus.

144 732 285 796 Habitus
307 735 378 797 erat
403 733 438 796 in
460 733 596 815 prandio
619 754 724 798 sermo
752 734 792 798 de
814 755 939 797 summo
962 733 1100 816 quodam

145 824 179 883 et
200 820 426 903 potentissimo
440 819 602 904 Principe,
625 821 682 906 qui
703 842 776 884 cum
788 821 824 883 in
842 820 991 884 omnibus
1015 825 1100 884 aeta·

145 908 188 972 tis
215 907 361 990 partibus
388 907 609 972 admirabilem
636 908 798 992 quandam
826 908 1045 992 integritatem
1069 912 1101 972 et

145 995 365 1060 innocentiam
391 995 617 1079 praestitisset,
643 997 709 1059 iam
736 1016 833 1060 senex
860 995 901 1059 ad
930 996 1101 1078 imperium

146 1086 274 1147 evectus
295 1086 427 1166 peccata
449 1083 616 1148 hominum
637 1084 721 1147 ferre
743 1104 811 1148 non
832 1086 973 1166 poterat,
1001 1104 1101 1167 eaque

146 1170 328 1236 durioribus
351 1191 389 1234 ao
411 1170 622 1234 severioribus
643 1171 782 1255 legibus,
805 1192 901 1256 quam
923 1172 1102 1234 inveterata

147 1258 267 1324 saeculi
288 1256 418 1321 licentia
431 1258 594 1340 postulare
606 1258 775 1342 uideretur,
797 1258 971 1324 cotrcebat.
1006 1257 1103 1322 Multi

147 1367 185 1410 ac
206 1344 288 1410 uarii
310 1365 473 1410 sermones
495 1345 636 1429 fueraut,
663 1346 749 1428 aliis,
775 1349 812 1410 ut
833 1347 882 1430 fit,
905 1345 1043 1431 rigidam
1064 1346 1101 1409 il-

147 1434 213 1497 lam
245 1437 279 1496 et
308 1433 521 1515 praefractam
556 1434 759 1500 severitatem
794 1434 1102 1516 commendantibus,

146 1520 368 1672 tltttt
375 1521 1102 1691 ataaraaatttaal'r:

148 1696 226 1760 tinis
240 1695 472 1758 mutationibus
486 1698 636 1758 naturam
659 1715 785 1778 quoque
797 1696 903 1778 ipsam
922 1696 1103 1776 abhorrere,

150 1805 231 1868 quae
258 1804 413 1847 noanon
441 1782 550 1846 statim
578 1782 619 1846 ab
647 1781 752 1846 hieme
780 1783 820 1846 ad
847 1786 1015 1865 aestatem,
1048 1787 1104 1846 aut

29 1908 38 1928 ·
149 1872 190 1936 ab
214 1873 336 1934 aestate
360 1870 400 1933 ad
421 1870 562 1952 hiemen,
584 1869 641 1934 sed
662 1869 830 1935 interiecto
843 1870 927 1934 inter
944 1871 1017 1934 illas
1031 1891 1103 1935 vere

150 1961 368 2041 autumnoque
394 1958 588 2040 perduceret.
636 1955 814 2022 Abscessus
842 1979 967 2041 quoque
990 1961 1024 2022 et
1049 1979 1103 2023 vo·

150 2047 249 2110 micas
271 2045 308 2110 in
330 2045 516 2128 corporibus
535 2045 656 2109 nostris
670 2066 690 2108 a
703 2045 834 2110 medicis
856 2045 982 2109 lenibus
999 2046 1104 2129 primo

149 2133 302 2198 fomentis
320 2154 357 2196 ac
377 2133 616 2216 cataplasmatis
634 2132 753 2197 molliri
767 2133 880 2216 solere,
898 2154 1002 2217 neque
1015 2134 1104 2216 prius

150 2220 256 2304 incidi,
271 2241 367 2305 quam
382 2221 635 2304 suppurarerint.
661 2217 841 2286 cardinalis
855 2242 928 2286 cum
941 2224 975 2284 ct
987 2221 1105 2285 blande

151 2329 263 2372 omnes
287 2307 327 2371 ad
350 2307 518 2371 dicendum
531 2307 683 2372 invitaret
704 2329 808 2392 neque
827 2309 988 2392 patienter
1000 2308 1107 2390 modo,

151 2396 207 2460 sed
234 2398 267 2459 et
293 2395 430 2460 libenter
457 2395 593 2480 audiret,
620 2395 759 2480 dicebat,
785 2396 820 2460 in
846 2396 886 2460 iis
915 2395 1105 2480 reprehendi

150 2483 1107 2655 tlt,⁸tlttttltlptfmtlttlttat

152 2658 419 2742 praescriberent:
446 2657 482 2720 in
509 2678 546 2721 eo
573 2679 640 2724 non
666 2680 774 2742 posse,
802 2660 857 2744 qui
883 2661 1007 2723 nullam
1035 2660 1106 2723 aliis

151 2747 257 2830 legem
278 2749 425 2829 poneret,
448 2766 544 2828 quam
566 2766 633 2810 non
655 2745 724 2830 ipse
747 2747 809 2811 sibi
831 2749 932 2810 multo
954 2751 1029 2811 ante
1051 2769 1106 2830 po-

152 2833 278 2898 suisset
322 2832 384 2896 His
406 2833 541 2916 offisque
562 2833 597 2896 in
621 2833 754 2897 eandem
777 2835 968 2898 seutentiam
989 2855 1107 2898 sermo-

152 2922 247 2986 nibus
277 2942 374 3004 supar
399 2942 545 2985 mensam
572 2920 705 3001 habitis,
738 2919 934 3004 Hippolytus
967 2921 1107 2986 dimissis

152 3009 266 3074 ceteris
289 3030 328 3072 ax
349 3029 438 3073 more
460 3007 559 3073 mein
582 3008 762 3072 cubiculum
780 3008 820 3072 ad
843 3029 877 3072 se
890 3010 997 3072 vocari
1010 3009 1107 3073 iubet.

152 3095 203 3162 lbi
226 3118 299 3160 cum
329 3096 393 3160 alia
419 3096 521 3161 multa
548 3095 784 3179 sapientissime
806 3095 901 3179 dixit,
928 3096 1044 3181 quibus
1066 3118 1110 3160 nc

153 3185 215 3248 sibi
239 3184 368 3268 quidem
394 3184 484 3248 illam
505 3187 631 3248 tantam
653 3184 855 3248 severitatem
882 3205 1013 3267 prorsus
1035 3205 1107 3267 pro-

152 3272 224 3337 bari
237 3271 432 3354 ostenderet,
456 3293 552 3355 quam
564 3275 674 3336 tamen
693 3274 779 3336 certo
803 3271 900 3336 sciret
921 3272 963 3336 ab
986 3272 1108 3355 optima

152 3363 260 3424 mente
288 3358 460 3442 proficisci:
487 3363 557 3424 tum
579 3360 652 3444 has,
680 3381 759 3444 quas
783 3360 958 3444 subiiciam,
981 3363 1108 3424 senten-

152 3448 215 3512 tias
239 3445 400 3531 adspersit
422 3447 559 3512 orationi
582 3468 672 3530 suae,
696 3469 774 3531 quas
794 3469 863 3532 ego,
886 3448 971 3533 quod
985 3455 1018 3510 et
1036 3467 1107 3532 gra-

153 3555 207 3600 ves
236 3538 270 3599 et
296 3535 461 3618 eleganter
487 3555 654 3619 expressae
680 3535 877 3619 viderentur,
904 3539 942 3598 ut
967 3536 1108 3618 primum
