2656 3910
444 217 623 274 EPISTOLA
641 218 740 274 XXIII.
1025 216 1068 280 33
1143 279 1154 286 ,,

110 363 163 427 die
191 362 250 427 sub
277 383 461 446 vesperam,
493 384 565 427 oum
592 363 673 426 mihi
699 363 765 426 iam
791 363 906 445 parata
934 361 1068 425 coenula

111 453 209 533 esset,
237 471 308 515 ecoe
330 450 391 514 tibi
417 450 514 515 homo
538 450 578 514 ad
605 451 700 515 fores.
747 449 831 526 Quid
853 453 902 533 tu,
925 449 1068 532 inquam,

109 538 197 602 huo?
244 539 367 616 Tecum,
390 539 508 622 inquit,
530 542 567 602 ut
587 558 718 616 coenem,
744 539 773 602 si
793 538 872 617 forte
891 537 1019 620 placore
1042 541 1069 600 to

108 626 238 708 possim,
271 629 393 711 φιλίαν,
416 619 501 709 ἀμφὶ
528 621 700 710 τράπεζαν.
745 625 794 690 Tu
826 647 901 690 vero
932 645 1067 689 coenare

110 733 238 778 mecum
265 717 371 797 potes:
399 714 526 798 placare
556 735 608 777 me
635 735 739 798 neque
771 716 839 777 tam
867 713 932 778 cito
964 733 1067 796 neque

110 805 180 865 tam
212 800 306 865 facile
333 803 434 884 potes.
479 801 569 865 Inter
597 823 730 865 coenam
762 803 878 885 multa,
907 803 945 865 ut
977 801 1069 883 solet,

111 889 225 953 festive
252 910 396 972 narrare,
423 890 525 953 multa
552 890 675 953 urbane
703 889 819 952 dicere:
850 910 931 973 quae
959 887 1069 952 omnia

112 998 189 1061 ego,
218 997 284 1040 non
305 977 400 1040 facile
424 976 565 1060 quidem,
588 976 644 1040 sed
666 979 777 1039 tamen
803 976 883 1039 mihi
905 976 1068 1058 imperans

112 1063 243 1128 silentio
280 1063 462 1146 audiebam,
498 1063 545 1126 ita
577 1064 756 1147 composito
789 1063 830 1127 ad
866 1063 1068 1126 severitatem

112 1152 219 1235 vultu,
250 1152 288 1214 ut
318 1171 359 1214 ne
390 1149 471 1214 illud
503 1150 631 1235 quidem
667 1150 819 1235 facerem,
855 1150 940 1234 quod
974 1171 1068 1214 canes

112 1240 215 1318 iratae
238 1239 352 1303 solent.
397 1237 617 1324 Discessurua,
639 1239 798 1318 Etiamne,
821 1238 940 1323 inquit,
968 1239 1069 1302 iectus

55 1331 74 1389 .'
110 1327 168 1392 es?
213 1325 327 1410 Multo,
349 1327 492 1411 inquam,
514 1327 627 1392 iratior
650 1349 746 1411 quam
768 1327 868 1411 prius.
909 1325 1068 1391 Postridie

35 1417 39 1422 ’
114 1414 225 1479 eadem
248 1415 338 1498 hora,
361 1437 433 1479 eum
455 1418 612 1499 tanquam
635 1415 676 1479 ad
690 1416 902 1480 constitutum
920 1415 1069 1496 venisset,

114 1503 283 1587 quaerenti
319 1502 413 1566 mihi:
451 1501 535 1578 Quid
570 1507 606 1566 tu
641 1503 705 1567 hue
737 1504 841 1566 denuo
878 1502 1070 1566 invocatus?

114 1585 305 1674 Αὐτόματοι
330 1583 361 1653 d'
387 1583 558 1674 ἆγαθοὶῑ),
580 1589 687 1671 inquit
707 1589 770 1652 ille.
804 1589 907 1670 Itane,
928 1590 1070 1673 inquam,

115 1679 209 1742 salsis
232 1677 326 1742 dictis
350 1680 383 1740 et
404 1675 569 1742 versiculis
592 1696 726 1738 coenam
747 1677 780 1738 te
795 1674 936 1758 quotidie
959 1680 1069 1739 nactu-

114 1787 187 1829 rum
214 1765 331 1849 putas?
367 1764 413 1828 At
440 1784 514 1848 ego,
541 1785 582 1827 ne
611 1784 709 1846 erres,
741 1761 837 1826 hodie
866 1783 934 1826 non
962 1783 1070 1826 coeno.

115 1853 206 1916 Recto
226 1873 315 1930 soce,
338 1852 456 1935 inquit,
478 1872 529 1934 opo
550 1853 659 1935 ipitcr,
683 1855 711 1916 te
731 1854 893 1934 spectante,
917 1850 995 1914 bocco
1018 1855 1071 1914 tuo

115 1941 278 2004 comedam.
324 1938 393 2002 Soio
416 1941 510 2017 mom,
537 1941 613 2020 quid
638 1939 694 2004 tobi
719 1939 755 2004 io
776 1957 900 2003 meacm
920 1943 1072 2020 paratura

116 2027 166 2092 su.
211 2024 308 2089 Forte
341 2027 448 2088 autem
480 2045 517 2090 eo
550 2027 600 2090 die
632 2028 753 2091 amicus
785 2026 915 2111 quidam
948 2025 989 2089 ad
1020 2046 1071 2088 me

117 2113 230 2178 turdos
257 2116 291 2176 et
316 2112 466 2176 ficedulas
493 2114 618 2197 aliquot
643 2115 782 2178 miserat.
828 2112 971 2189 Quarum
999 2133 1070 2176 cum

116 2205 243 2287 partem
266 2201 373 2285 coqui,
395 2202 578 2285 partemin
601 2202 777 2266 crastinum
801 2202 920 2267 servari
943 2202 1071 2267 vellem:

116 2290 313 2374 praeteriens
336 2289 405 2374 ipse
420 2310 522 2372 ecquo
545 2311 627 2375 meo,
649 2290 774 2355 homini
788 2290 925 2373 simplici
948 2310 985 2354 ac
1000 2310 1071 2372 ,cre-

118 2378 207 2462 dulo,
235 2377 320 2461 apud
345 2399 438 2460 quem
466 2377 558 2442 valde
586 2379 748 2464 gratiosus
771 2381 833 2462 est,
860 2381 1071 2462 persuaserat,

117 2469 156 2529 ut
178 2487 289 2528 omnes
312 2468 475 2548 coqueret,
503 2466 624 2549 alioqui
649 2467 736 2530 enim
762 2467 844 2550 fore,
872 2471 909 2530 ut
931 2488 1071 2531 corrum-

75 2573 79 2582 ·
118 2556 279 2638 parentur.
324 2552 376 2616 Ita
407 2550 488 2615 mihi
520 2552 625 2616 denuo
657 2553 775 2637 hospes
810 2554 977 2618 habendus
1009 2555 1073 2618 fuit

118 2660 186 2706 non
208 2640 303 2704 multi
324 2642 453 2704 tantum
475 2639 552 2724 ioci,
576 2640 632 2704 sed
653 2641 749 2705 multi
771 2641 868 2705 etiam
892 2643 962 2706 oibi.
1007 2641 1072 2707 Ubi

119 2728 309 2813 adsedimus,
332 2730 400 2792 tam
423 2728 525 2792 multa
549 2728 637 2812 dixit,
659 2731 786 2793 utnon
809 2730 922 2794 ceteris
944 2734 1070 2795 tantum

119 2816 303 2881 domesticis
325 2817 393 2880 risu
415 2815 471 2879 ilia
494 2815 696 2900 distenderit,
724 2816 779 2880 sed
806 2820 969 2901 postremo
992 2821 1072 2883 mihi

119 2905 217 2968 etiam
239 2903 311 2987 ipsi,
334 2903 389 2988 qui
411 2903 577 2967 tristitiam
601 2905 751 2968 simulare
774 2904 951 2986 cupiebam,
973 2906 1072 2970 risum

119 2991 312 3058 invitissimo
346 2990 528 3054 excusserit.
573 2990 681 3055 Facile
714 2990 779 3053 iam
811 2992 989 3073 perspicere
1016 3015 1072 3076 po-

119 3082 205 3146 terat
235 3079 317 3143 iram
344 3078 380 3141 in
408 3098 441 3141 se
468 3098 574 3141 meam
602 3081 658 3141 aut
684 3078 808 3142 nullam
835 3076 935 3142 fuisse
958 3077 1073 3164 (etita

120 3167 204 3254 erat)
228 3169 284 3232 aut
305 3168 402 3251 plane
417 3165 597 3250 depositam
621 3188 703 3250 esse,
727 3166 783 3230 sed
806 3166 995 3251 expediebat
1016 3169 1073 3235 hc-

119 3256 201 3321 mini
222 3259 344 3340 putare,
367 3277 419 3320 me
443 3255 546 3319 adhuc
560 3255 678 3320 iratum
701 3255 772 3319 sibi.
803 3254 901 3319 Redit
922 3258 1018 3322 tertio
1042 3261 1074 3321 et

120 3345 296 3430 quaerenti,
319 3344 394 3428 quid
417 3344 479 3408 hoo
502 3344 625 3428 negotii
648 3347 745 3430 esset,
773 3343 859 3423 Volo,
882 3344 996 3429 inquit,
1013 3366 1074 3427 po-

119 3453 186 3498 rcrc
207 3435 298 3498 ceteri
319 3433 499 3497 sentcntiae:

195 3536 213 3603 ¹)
232 3535 340 3590 Platon.
360 3535 486 3604 Sympos.
504 3535 539 3604 H,
557 3539 582 3590 4.

170 3632 265 3672 Meam
278 3621 327 3672 &a
346 3641 394 3674 sru.
408 3641 433 3676 n.
845 3630 861 3677 c
