2430 3864
487 198 605 254 CAPUT
624 197 721 253 LXIII.
1015 195 1079 258 211

126 365 195 407 sam
223 343 348 407 adferre
376 363 484 425 posse,
510 341 575 405 nisi
598 341 712 425 aliquis
735 343 828 424 putet
848 341 882 404 id
904 343 1017 403 natum
1041 341 1081 404 ab

125 431 226 494 animi
253 430 495 514 perturbatione
517 449 650 513 magna,
678 450 742 512 qua
767 432 846 492 tunc
867 428 1081 511 premebatur.

124 518 207 583 Esse
230 518 316 581 enim
329 518 364 580 in
385 517 482 581 tertio
501 516 584 580 libro
598 515 819 600 Epistolarum
843 516 883 579 ad
897 514 1083 602 Atticum1),

126 627 206 690 quas
230 604 370 688 scripsit,
394 624 466 668 cum
488 604 595 687 patria
608 604 758 686 expulsus
776 603 873 668 foret:
896 603 963 667 illic
984 604 1083 688 igitur

124 695 173 757 ita
200 693 380 776 scripsisse:
407 692 462 757 En
488 693 550 756 tnis
577 693 687 756 titteris
702 692 816 773 ptenns
837 711 907 756 scin
933 697 1083 773 exspect-

126 782 208 846 ticne
230 781 266 845 de
288 779 442 861 Pompeio,
469 780 619 862 quidnam
645 781 682 844 de
703 779 791 844 nobis
811 780 884 844 vetit
905 785 962 843 ont
986 785 1083 844 osten

126 870 189 934 dut.
234 867 318 943 Quid
345 889 412 932 non
440 868 476 931 in
505 868 621 932 animis
648 866 816 930 hominum
844 866 943 930 efficii
965 867 1083 931 doloris

127 955 308 1021 acerbitas?
336 955 388 1019 Ita
400 957 606 1038 perturbatus
621 958 690 1019 erat
704 952 829 1037 Cicer0,
852 954 938 1039 quod
952 956 1084 1038 patriae,

128 1043 214 1129 quod
236 1044 361 1126 uxoris,
389 1044 474 1127 quod
496 1044 672 1108 liberorum
698 1042 852 1125 adspectu
875 1046 1010 1125 careret,
1040 1046 1084 1125 ut,

128 1153 200 1196 cum
233 1131 404 1196 consilium
436 1131 573 1215 cepisset
603 1130 746 1195 nominis
773 1130 886 1213 plenas
919 1152 1085 1213 nunquam

128 1220 192 1283 nisi
224 1221 360 1303 urgente
392 1219 583 1282 necessitate
616 1240 688 1281 cum
721 1222 811 1282 sexto
844 1239 920 1282 casu
952 1216 1084 1283 coniun-

128 1307 241 1392 gendi,
263 1307 299 1370 in
321 1310 414 1371 tanta
440 1327 475 1370 re
497 1306 684 1389 imprudens
713 1306 882 1370 consilium
904 1308 1085 1391 mutaverit,

129 1398 162 1458 et
182 1416 251 1459 non
279 1395 521 1476 exspectationis,
550 1395 605 1458 sed
632 1396 848 1477 exspectatione
864 1395 993 1474 ptennrn
1016 1416 1085 1459 esse

129 1503 163 1547 se
187 1482 359 1565 scripserit.
405 1481 468 1546 Sed
489 1486 598 1546 tamen
621 1481 683 1545 hoc
705 1485 843 1565 patrono
858 1481 990 1565 effugiet
1007 1503 1084 1566 quo-

130 1592 193 1654 quo
217 1570 314 1634 modo
337 1570 574 1633 inconstantiae
601 1572 722 1634 notam.
771 1567 818 1631 At
838 1568 901 1632 hoe
924 1569 1084 1651 quomodo

130 1658 367 1741 excusabimus,
399 1656 484 1741 quod
517 1657 672 1739 scriptum
704 1658 754 1719 est
783 1657 819 1719 in
851 1656 995 1720 oratione
1026 1679 1085 1740 pro

131 1743 239 1810 Sextio
246 1743 295 1830 ²)?
319 1744 426 1809 Otiose
446 1745 524 1822 rito,
547 1744 683 1824 conferte
704 1748 733 1808 et
757 1744 852 1824 plene
873 1745 1085 1825 voluptatibus.

130 1832 215 1908 Quid
237 1833 299 1897 hoc
322 1854 360 1896 ex
387 1833 469 1896 libro
497 1833 592 1896 tertio
621 1832 660 1894 de
683 1829 873 1917 marhuan?
899 1832 949 1896 Eo
972 1832 1087 1897 beatior

129 1921 264 2003 qnnqiee,
290 1941 350 2001 qno
376 1921 419 1984 sit
443 1921 579 2001 eorporis
605 1924 661 1984 ant
686 1919 817 1984 enternis
844 1919 930 1984 bonis
952 1921 1085 2003 plenior.

131 2008 214 2084 Quid
229 2007 293 2070 alia
307 2008 449 2072 eiusdem
463 2008 590 2092 generis
604 2006 728 2070 multa?
751 2004 988 2091 Cogitationem
1002 2008 1086 2072 hanc

130 2095 285 2177 suscipiat
317 2095 411 2178 alius;
443 2118 520 2159 nam
553 2095 634 2159 mihi
666 2095 795 2180 quidem
827 2094 909 2157 nihil
941 2097 1086 2180 occurrit,

131 2203 195 2268 quo
210 2184 335 2245 tantam
345 2183 471 2248 consilii
480 2183 692 2247 mutationem
702 2204 851 2247 excusare
860 2204 955 2265 posse
969 2183 1086 2249 videar.

467 2407 611 2476 CAPUT
633 2408 751 2475 LXIII.

166 2526 441 2584 PEREGRINATIO
466 2526 573 2582 SITNE
596 2530 730 2600 UTILIS,
754 2531 978 2597 QUAESITUM:
1003 2531 1051 2587 nr

223 2614 405 2670 LICEATNE
424 2615 597 2670 LAUDARE
615 2618 735 2687 ALIUD,
754 2619 866 2674 ALIUD
885 2620 998 2686 SEQUI.

196 2723 418 2808 Peregrinatio
442 2724 483 2788 ad
505 2728 632 2809 tempus
654 2725 779 2790 homini
801 2731 990 2811 praesertim
1013 2729 1087 2795 ado-

130 2812 264 2876 lescenti
290 2832 393 2895 neque
425 2812 598 2876 iniucunda
629 2834 732 2896 neque
764 2815 887 2878 inutilis
917 2820 978 2898 est3
1010 2839 1087 2881 nam

131 2903 164 2965 et
176 2901 304 2964 novitas
319 2920 355 2963 ee
369 2900 508 2963 varietas
523 2899 689 2963 mirificam
704 2900 951 2966 oblectationem
973 2903 1085 2989 habet;

130 2990 164 3050 et
191 2987 247 3072 qui
278 3007 384 3051 mores
416 2987 590 3049 multarum
620 2986 765 3070 gentium
796 2989 900 3071 norit,
931 3011 1087 3075 magnum

131 3074 192 3140 sibi
215 3075 256 3138 ad
278 3074 482 3159 prudentiam
504 3074 754 3138 instrumentum
777 3077 982 3158 comparavit.
1023 3077 1086 3143 Sed

130 3162 274 3247 plerique
295 3163 447 3227 iuvenum
469 3161 577 3243 hodie,
601 3161 655 3245 qui
677 3162 856 3247 longinqua
877 3163 994 3228 itinera
1017 3188 1086 3232 sus-

130 3248 255 3333 cipiunt
280 3251 461 3334 multasque
483 3249 630 3333 regiones
653 3250 862 3334 perlustrant,
885 3251 918 3315 id
939 3253 1000 3317 sibi
1018 3253 1085 3317 fere

132 3358 232 3401 unum
247 3337 352 3402 studio
375 3337 508 3421 habent,
531 3340 569 3402 ut
591 3358 654 3423 quo
678 3359 823 3424 quaeque
837 3340 914 3405 urbs
936 3342 1007 3406 loco
1022 3341 1085 3406 sita

206 3507 225 3577 ¹)
244 3524 286 3578 ep.
308 3514 349 3564 14.
366 3509 428 3565 init.
501 3510 647 3582 ¹)10,aa.
733 3512 887 3583 “trabs

842 3600 899 3653 W*
