2656 3910
243 231 289 296 42
566 228 747 284 EPISTULA
763 228 876 285 XXVII.

244 375 325 440 mibi
347 375 495 459 pulcrum
508 375 604 457 atque
626 372 841 437 honorificum
855 372 906 454 sit,
930 371 1082 436 arbitrari
1103 393 1208 456 quam

243 463 400 548 plurimos
423 483 474 526 me
489 483 508 524 a
520 463 553 524 te
566 460 626 524 tali
639 461 708 524 viro
731 461 841 524 amari
870 458 972 543 Saepe
984 460 1085 544 igitur
1097 461 1208 544 multi,

244 552 301 636 qui
324 573 344 614 a
366 554 399 614 te
421 549 567 614 obtinere
589 547 711 632 aliquid
733 549 867 630 vellent,
890 568 985 632 egere
1006 569 1141 630 mecum,
1164 555 1207 614 ut

245 639 287 702 ad
309 642 341 702 te
356 657 415 701 sua
437 658 550 701 caussa
572 636 758 700 scriberem:
782 636 868 720 quod
890 638 1003 700 tamen
1020 635 1126 700 facere
1149 658 1206 700 us-

245 746 307 810 que
339 725 444 789 adhuc
474 725 578 807 nolui,
606 724 705 809 quod,
733 745 814 806 quae
844 724 909 807 ipsi
935 723 1100 806 volebant,
1132 745 1205 789 non

245 815 340 879 erant
362 813 530 896 eiusmodi,
556 814 594 876 ut
615 833 654 876 ea
676 812 728 876 vel
749 833 801 875 me
824 833 844 876 a
867 833 1029 896 quoquam
1050 812 1102 875 vel
1125 833 1145 875 a
1167 815 1205 876 te

246 922 429 986 quenquam
451 905 560 984 petere
582 901 698 964 debere
721 899 903 964 arbib'srcr.
947 898 1044 963 Nunc
1066 919 1140 963 cum
1163 921 1205 964 ea

246 1011 280 1054 se
306 1012 358 1054 res
385 989 552 1072 obtulerit,
577 989 613 1052 in
636 1010 701 1072 qua
725 1009 795 1051 non
821 987 917 1052 modo
945 987 1112 1051 clarissimi
1140 988 1205 1052 viri

246 1078 387 1163 mihique
419 1077 604 1142 amicissimi
636 1075 853 1158 commodum,
885 1074 954 1159 sed,
982 1074 1068 1159 quod
1097 1076 1203 1140 mullo

244 1167 347 1248 pluris
379 1169 442 1248 est,
473 1165 668 1229 existimatio
699 1167 757 1227 tua
784 1162 923 1247 quodam
955 1163 1051 1228 modo
1081 1163 1204 1247 agitiir:

244 1253 358 1335 putavi
371 1273 432 1334 me,
455 1252 518 1316 nisi
532 1251 573 1315 ad
586 1256 628 1334 tc,
650 1251 840 1335 praesertim
854 1253 996 1336 rogatus,
1020 1250 1204 1334 scriberem,

246 1339 353 1404 officio
376 1339 568 1404 defuturum.
611 1337 683 1402 Iam
706 1339 760 1403 diu
783 1343 841 1423 est,
864 1360 937 1402 cum
960 1339 1016 1423 qui
1036 1339 1090 1403 hic
1108 1337 1203 1403 Pauli

246 1425 399 1510 Sadoleti,
412 1425 730 1510 Carpentoractensis
744 1425 908 1511 Episcopi,
931 1427 992 1490 viri
1005 1428 1203 1510 praestantis

245 1515 404 1599 planeque
427 1535 547 1600 magno
569 1515 625 1580 illo
648 1517 764 1598 patruo
788 1515 891 1600 digni,
919 1515 1052 1600 negotio
1074 1518 1202 1599 gerunt,

246 1607 493 1687 conqueruntur,
516 1625 583 1668 non
601 1603 683 1668 solvi
705 1601 877 1686 pensiones
901 1624 1039 1666 annuas:
1063 1623 1203 1685 quarum

246 1692 381 1756 alteram
402 1693 474 1775 ipsi,
498 1692 633 1756 alteram
647 1693 715 1756 eius
737 1691 831 1756 fratri
853 1690 991 1774 patrueli
1006 1688 1141 1756 Camillo
1162 1712 1203 1754 ex

244 1777 408 1844 Ecclesiae
430 1783 505 1844 tuae
528 1779 737 1864 proventibus
761 1777 869 1842 deberi
892 1778 1089 1842 adseverant
1116 1776 1202 1842 Iam·

246 1888 307 1950 que
329 1866 382 1931 hic
404 1867 518 1931 tertius
541 1867 661 1932 mensis
684 1869 742 1949 est,
765 1887 838 1930 cum
860 1865 902 1930 ad
923 1870 956 1929 te
979 1887 1074 1950 super
1096 1887 1134 1930 ea
1156 1887 1202 1951 re,

100 2021 108 2040 ,
245 1954 390 2036 ipsorum
412 1959 538 2038 rogatu,
560 1953 757 2038 Hippolytus
777 1951 955 2019 Cardinalis
977 1952 1202 2037 Ferrariensis,

246 2041 336 2105 cuius
365 2062 439 2125 ego,
466 2044 503 2105 ut
525 2042 600 2124 scis,
628 2043 662 2106 in
689 2040 812 2105 familia
840 2063 924 2124 sum,
950 2041 1074 2106 litteras
1102 2041 1200 2106 dedit.

245 2125 327 2194 Oum
350 2129 411 2195 hoo
434 2129 593 2214 omnibus,
616 2131 672 2212 qui
693 2134 725 2194 te
739 2133 869 2212 norunt,
891 2151 1011 2194 novum
1034 2133 1129 2212 atque
1152 2131 1200 2194 in·

247 2217 397 2282 credibile
424 2219 562 2301 videtur,
590 2218 666 2282 dare
693 2221 725 2281 11
753 2218 901 2301 cuiquam
927 2239 1074 2281 caussam
1100 2217 1201 2282 ullam

244 2304 284 2370 de
306 2310 339 2370 te
362 2306 530 2390 querendi:
552 2308 623 2370 tum
636 2309 669 2368 11
691 2304 865 2368 nihildum
888 2305 928 2368 ad
944 2303 1123 2370 Oardinalis
1146 2305 1200 2370 lit·

244 2397 331 2457 teras
353 2393 566 2476 respondisse,
588 2413 656 2456 non
678 2393 734 2456 1111
755 2395 892 2476 tantum,
915 2393 971 2457 sed
994 2396 1027 2457 11
1048 2394 1118 2476 ipse
1141 2393 1200 2456 mi·

244 2484 343 2544 ratur.
387 2477 450 2544 Hic
473 2499 533 2564 ego
556 2483 598 2562 11,
616 2479 727 2544 Valeri
749 2481 870 2564 optime
893 2502 931 2545 ac
953 2481 1201 2564 sapientissime,

245 2587 312 2632 non
336 2567 444 2650 orabo,
467 2567 522 2632 des
546 2588 685 2651 operam,
707 2570 744 2632 ut
767 2565 917 2633 Sadoleto
940 2589 1037 2653 quam
1060 2569 1201 2653 primum

245 2654 396 2719 satisfiat:
419 2656 496 2721 nori
509 2675 577 2721 non
598 2656 819 2741 integritatem
842 2656 947 2740 modo,
971 2658 1073 2722 sedet
1093 2657 1201 2721 altitu·

245 2741 353 2806 dinem
385 2743 486 2807 animi
511 2743 560 2808 1111
586 2744 774 2828 longissime
801 2745 917 2808 remoti
944 2766 965 2809 a
991 2744 1139 2810 sordibus
1168 2749 1202 2809 et

245 2851 321 2912 prae
349 2829 519 2896 honestate
546 2831 629 2896 nihil
656 2835 763 2896 111111
789 2833 899 2896 omnia
925 2832 1085 2897 facientis.
1128 2831 1201 2898 Hoc

245 2919 372 2984 tautum
395 2922 514 3003 petam,
536 2923 582 3002 ut,
605 2941 678 2985 cum
701 2920 730 2984 ei
744 2920 1007 2984 satisfaciendum
1031 2921 1202 3003 curaveris,

246 3007 332 3091 quod
353 3009 385 3072 te
409 3007 553 3073 celeriter
565 3007 729 3073 facturum
751 3028 819 3072 non
834 3008 944 3073 dubito
963 3012 997 3073 11
1019 3011 1107 3073 certo
1121 3008 1221 3078 mibi.

246 3095 433 3178 persuadeo,
455 3097 557 3179 perte
580 3117 649 3162 non
663 3096 799 3179 stetisse,
822 3117 885 3180 quo
908 3097 1016 3160 minus
1040 3099 1202 3161 111111111-

246 3203 324 3264 pore
350 3182 473 3247 factum
500 3183 556 3247 sit:
583 3183 646 3249 hoo
672 3184 773 3268 igitur
795 3205 868 3247 cum
890 3184 1018 3268 feceris,
1044 3185 1203 3269 111113111-

246 3267 322 3333 fices
336 3265 508 3352 Oardinali,
530 3270 655 3336 litteras
677 3271 780 3353 ipsius
793 3274 923 3335 1111111111
938 3272 1023 3356 apud
1036 3275 1078 3356 te,
1102 3293 1204 3356 quan-

246 3359 317 3420 tum
339 3355 466 3439 debent,
489 3357 639 3440 ponderis
662 3358 823 3422 habuisse.
851 3358 943 3425 Vale.
965 3359 1098 3424 Romae.
1121 3359 1205 3425 Idib.
1309 3373 1310 3394 ¹

247 3441 341 3507 Mart.
364 3461 532 3508 unuxvm.
