2656 3910
250 207 293 272 38
586 207 765 264 nplsronn
783 207 871 264 XXV.

251 352 385 435 debant,
411 353 474 416 nisi
501 352 557 416 illa
579 353 739 437 vulgaria,
766 373 956 418 conservare
978 357 1011 417 te
1034 353 1217 440 diligenter

249 441 438 506 memoriam
460 440 523 504 mei
546 444 579 504 et
602 441 796 525 scripturum
819 441 860 504 ad
882 463 947 524 me,
970 463 1043 506 oum
1066 464 1215 509 eommo-
1307 483 1308 522 ;

250 530 328 593 dum
354 531 452 610 esset3
482 532 605 612 petere,
631 533 670 592 ut
696 549 756 613 ego
785 550 911 612 quoque
937 529 1022 594 idem
1054 531 1214 616 facerem

249 616 502 681 invaletudinem
524 620 616 680 tuam
639 621 696 681 aut
717 617 867 681 celabant
888 639 939 682 me
963 623 1019 682 aut
1041 619 1103 702 ipsi
1127 641 1213 703 quo-

251 726 313 788 que
339 705 536 768 nesciebant
581 704 666 770 Utut
692 708 754 789 est,
781 706 983 771 convaluisse
1009 709 1042 770 te
1071 707 1212 792 gaudee,

250 795 389 876 petoque
413 815 432 856 a
453 797 486 856 te
509 795 649 876 primum
670 796 709 858 ut
730 815 790 878 pro
804 793 900 858 solita
922 799 979 857 tua
1000 793 1210 860 humanitate

249 881 401 964 ignoscas
424 881 512 963 mihi,
531 881 564 945 si
578 881 697 946 diutius
712 882 752 945 ad
766 885 799 946 te
822 882 960 946 scribere
974 881 1094 966 distuli,
1107 905 1210 968 quarn

250 991 309 1054 par
336 973 420 1033 erat:
452 969 567 1034 deinde
594 973 644 1048 ut,
671 974 828 1055 quantum
859 991 911 1034 me
943 992 1045 1054 amas,
1077 974 1210 1036 tantum

251 1079 366 1142 operae
390 1079 427 1122 ae
442 1058 628 1142 diligentiae
652 1059 799 1123 conferas
822 1059 863 1123 ed
878 1059 1093 1125 valetudinem
1114 1063 1210 1124 tuam

250 1156 283 1208 et
305 1146 558 1210 confirmandam
582 1149 615 1211 et
637 1147 898 1211 conservandam.
925 1145 998 1212 Hoc
1018 1148 1066 1211 ita
1087 1147 1209 1213 videris

250 1233 401 1296 facillime
424 1235 578 1317 consequi
599 1255 704 1317 posse,
727 1236 754 1298 si
777 1235 817 1298 ad
838 1236 981 1318 corporis
1004 1236 1208 1301 exercitatio-

250 1342 308 1385 nes
332 1321 452 1404 aliquid
475 1321 644 1403 addideris,
667 1323 705 1385 de
729 1323 1011 1388 exercitationibus
1034 1324 1134 1388 animi
1157 1329 1208 1388 at-

251 1430 312 1492 que
344 1409 468 1493 ingenii
495 1409 616 1493 aliquid
643 1410 826 1474 detraxeris.
871 1409 961 1477 Neve
992 1416 1086 1495 putes
1115 1412 1207 1496 quid-

251 1519 347 1580 quam
369 1518 420 1561 me
447 1496 508 1561 tibi
530 1497 677 1582 suadere,
700 1498 786 1582 quod
812 1520 880 1564 non
903 1499 980 1564 satis
1003 1499 1208 1582 exploratum

249 1585 400 1650 habeam:
429 1606 489 1670 ego
524 1607 651 1670 quoque
682 1586 767 1650 idem
800 1586 905 1651 facere
938 1587 1030 1671 coepi
1061 1590 1095 1652 et
1125 1587 1207 1652 mihi

249 1674 421 1758 insigniter
447 1674 598 1757 prodesse
623 1675 737 1739 sentio.
782 1674 831 1738 'Pu
855 1675 982 1759 quando
1007 1697 1044 1740 eo
1071 1676 1206 1761 ingenio

249 1783 292 1846 es,
315 1765 352 1827 ut
366 1763 523 1846 cognatis,
545 1767 582 1824 ut
595 1763 715 1846 amicis,
737 1765 775 1826 ut
788 1763 921 1846 patriae,
943 1766 981 1828 ut
993 1764 1088 1828 bonis
1102 1765 1206 1829 omni·

249 1849 309 1913 bus
340 1849 552 1914 libentissime
580 1871 710 1933 operam
738 1850 793 1914 des
825 1872 997 1934 eorumque
1028 1853 1206 1918 commodis

207 1989 220 2004 r
249 1940 405 2020 perpetuo
428 1937 593 2016 inservias,
616 1941 652 2002 ut
673 1938 707 2002 id
729 1937 881 2002 facillime
904 1959 942 2002 ac
956 1939 1133 2004 diutissime
1155 1940 1205 2004 fa-

250 2045 321 2088 eere
347 2025 465 2109 possis,
492 2024 666 2091 elaborato.
711 2025 757 2090 Mi
786 2024 916 2090 Sacrate
944 2026 1079 2110 optime,
1106 2027 1205 2091 etiarn

250 2116 346 2197 atque
370 2113 466 2178 etiam
481 2115 560 2179 vale.
595 2112 738 2179 Salutem
752 2115 924 2196 plurimam
946 2113 1128 2178 lectissimis
1141 2115 1205 2178 tui-

241 2209 310 2286 'que
338 2201 508 2266 simillimis
535 2203 625 2286 viris,
651 2203 806 2266 fratribus
834 2202 912 2283 tuis,
940 2202 1082 2286 itemque
1109 2201 1204 2266 Palu-

249 2289 334 2373 dino,
357 2288 491 2356 Canalio
515 2291 690 2373 ceterisque
720 2289 840 2354 amicis.
885 2289 1016 2358 Romae.
1038 2307 1108 2356 xm.
1131 2287 1204 2353 Kal.

247 2377 317 2442 Ian.
340 2395 494 2442 unnxvu.

648 2501 786 2512 ----.

678 2603 780 2669 XXV.

443 2729 492 2802 Μ.
520 2729 761 2802 ANTONIUS
788 2729 1013 2804 MURETUS

413 2863 545 2920 IOANNI
562 2863 729 2920 ANTONIO
750 2863 951 2921 ODISOALCO
971 2863 1040 2920 SUO

718 2971 789 3051 s'i

315 3077 388 3142 Etsi
410 3102 470 3163 pro
493 3082 606 3143 mutua
624 3077 710 3142 inter
733 3099 793 3142 nos
807 3079 974 3143 voluntate
996 3079 1057 3143 tibi
1072 3078 1203 3144 dubium

250 3188 318 3230 esse
342 3188 410 3231 non
432 3168 553 3250 potest,
582 3165 660 3249 quin
682 3170 739 3229 tua
762 3166 870 3230 omnia
897 3166 977 3230 mihi
1001 3188 1075 3230 cara
1098 3187 1136 3231 ao
1158 3168 1202 3232 iu·

248 3253 355 3317 cunda
379 3253 456 3338 sint,
482 3255 593 3316 tamen
620 3252 700 3316 mihi
723 3253 785 3317 hoo
813 3253 988 3317 affirmanti
1016 3254 1126 3318 credar
1155 3277 1204 3320 ve-

249 3341 319 3423 lim,
355 3341 480 3405 litteras
512 3343 585 3404 tuas
617 3339 697 3404 mihi
729 3341 826 3405 etiarn
862 3341 1066 3406 iucundiores
1097 3341 1204 3425 fuisse,

251 3451 347 3513 quam
375 3432 411 3493 tu
440 3428 621 3494 existimare
654 3427 748 3491 facile
775 3427 889 3512 possis.
933 3426 1020 3493 Nam
1047 3432 1093 3507 et,
1121 3431 1204 3513 quod

248 3538 311 3603 ego
336 3539 461 3583 summo
491 3536 584 3599 opere
607 3515 788 3599 cupiebam,
816 3515 1028 3580 continebant
1054 3520 1204 3600 λεπτομε·
