2656 3910
468 209 646 264 EPISTOLA
664 209 763 264 XXIV.
1048 205 1089 269 37

135 356 334 438 inspectores
349 375 445 439 quam
467 375 596 438 possem
609 352 764 438 plurimos
788 370 1001 436 corrogarem.
1019 349 1091 414 Ne-

136 464 194 526 que
215 444 297 508 caim
319 443 398 507 mitt
419 462 528 507 corace
549 441 630 524 fibro
652 437 736 526 cst.¹)
782 438 894 523 Neque
923 438 1091 522 quisquam

136 553 294 616 unquam,
317 531 373 615 qui
399 531 504 595 bonos
526 551 639 595 versus
664 531 721 592 aut
746 527 876 592 fecisset
898 528 956 591 aut
977 525 1091 590 fecisse

137 641 171 684 se
198 621 341 703 putaret,
374 619 516 683 occultos
546 618 619 682 illos
651 617 769 680 habere
796 615 907 680 voluit.
952 613 1024 698 Ego
1053 613 1091 677 dc

137 711 195 771 tua
217 707 413 790 valetudine,
441 706 480 770 de
504 706 617 770 studiis
638 705 717 788 tuis,
740 703 816 788 quid
842 702 878 766 in
900 703 963 766 isto
987 722 1091 766 amoe-

137 795 271 859 nissimo
295 816 421 860 secessu
444 795 544 879 legas,
566 793 643 878 quid
657 793 788 869 scribas,
811 811 1004 876 cognoscere
1028 789 1092 853 dis-

138 882 374 1034 studui
400 877 1092 1036 isttttttdffltttttt

139 993 303 1121 eooamari
317 1021 439 1140 scriiris,
461 1079 532 1122 meo
555 1057 686 1121 nomine
710 989 984 1120 salutachmao.
1007 1051 1092 1116 Prid.
1115 1080 1120 1088 ¹

139 1145 186 1210 Id.
210 1143 318 1210 Sextil.
341 1162 471 1208 unnxv.

538 1267 693 1278 *ο

561 1408 679 1474 XXIV.

335 1535 383 1608 M.
411 1535 653 1608 ANTONIUS
680 1533 903 1607 MURETUS

420 1667 539 1724 PAULO
560 1668 726 1724 secando
747 1667 816 1723 SUO

591 1775 613 1818 8.
626 1775 654 1814 D.

210 1879 302 1954 Quod
329 1902 496 1966 nunquam
524 1887 621 1948 antea
647 1886 809 1966 euenerat,
837 1880 984 1965 quodque
1013 1900 1095 1944 nun·

145 1989 242 2051 quam
265 1971 452 2031 eventurum
467 1971 610 2052 qualibet
632 1970 805 2054 sponsione
826 1970 1017 2035 contendere
1041 1991 1095 2032 au-

146 2076 200 2118 sus
228 2075 343 2138 essem,
369 2055 403 2118 id
431 2056 550 2120 evenit:
578 2062 615 2121 ut
640 2058 767 2120 litterae
793 2060 881 2136 tuae,
909 2079 989 2141 quae
1016 2055 1097 2119 mihi

146 2163 271 2225 semper
293 2143 430 2206 antehac
452 2143 700 2209 iucundissimae
723 2145 860 2221 fuerant,
883 2166 985 2227 nuper
1008 2144 1096 2207 dolo-

144 2253 212 2294 rem
235 2231 315 2294 mihi
329 2251 366 2295 cc
388 2231 584 2297 moestitiam
597 2232 772 2303 attulerint
780 2231 984 2317 singularem.
1011 2229 1097 2295 Nam

145 2341 218 2383 cum
244 2318 324 2383 illud
350 2320 430 2384 mihi
456 2343 515 2403 per
541 2342 575 2385 se
602 2342 699 2407 graue
727 2323 823 2406 atquc
850 2320 1001 2384 acerbum
1026 2317 1098 2401 fuit,

145 2411 178 2471 et
200 2411 384 2493 aegrotasse
403 2411 446 2492 te,
468 2412 500 2473 et
514 2409 567 2474 diu
592 2432 630 2474 ac
644 2410 785 2495 graviter
807 2412 1004 2493 aegrotasse:
1027 2410 1098 2470 tum

145 2495 198 2559 vix
225 2495 348 2580 eredas,
375 2518 472 2581 quam
499 2519 550 2561 me
573 2499 747 2582 pupugerit
773 2498 829 2561 illa
856 2496 1023 2582 cogitatio,
1048 2495 1098 2558 in-

145 2587 234 2648 terea
255 2584 326 2648 toto
339 2584 396 2648 illo
418 2588 562 2668 tempore
577 2607 716 2651 cessasse
739 2607 789 2650 me
803 2589 836 2650 et
850 2585 989 2669 quodam
1001 2583 1097 2648 modo

145 2671 285 2735 defuisse
307 2671 421 2750 officio,
444 2694 547 2756 neque
562 2673 736 2759 quidquam
759 2674 933 2758 scripsisse,
954 2695 1017 2759 quo
1040 2671 1098 2736 ho-

145 2759 241 2824 minis
270 2759 456 2824 amicissimi
478 2765 511 2825 et
533 2761 571 2825 dc
599 2784 650 2826 me
673 2761 793 2846 optime
816 2761 922 2826 meriti
943 2760 1099 2825 leniretur

147 2848 246 2912 dolor.
281 2846 354 2913 Etsi
376 2848 463 2912 enim
485 2870 559 2914 vere
581 2850 642 2914 hac
665 2850 869 2914 excusatione
887 2849 936 2913 uti
957 2870 1099 2933 possum,

146 2936 287 3000 nescisse
314 2957 378 3018 me,
405 2935 466 3000 tibi
492 2937 575 3000 male
603 2959 686 3002 esse:
713 2941 825 3001 tamen
846 2959 884 3001 ea
913 2937 984 3019 ipsa
1007 2955 1098 2999 excu-

147 3023 230 3087 satio
254 3021 467 3086 excusationis
481 3023 614 3107 indiget,
636 3035 709 3088 cum
725 3023 912 3089 indecorum
935 3023 986 3105 sit,
1009 3021 1098 3087 cuius

146 3115 182 3177 in
204 3132 255 3176 me
277 3112 328 3174 tot
353 3112 507 3194 tantaque
530 3110 637 3175 officia
664 3111 840 3196 extiterint,
867 3111 1012 3175 tamdiu
1039 3132 1099 3195 me,

147 3224 211 3286 qua
236 3201 265 3265 is
286 3197 470 3263 valetudine
497 3199 652 3284 uteretur,
678 3199 838 3265 nesciisse.
881 3199 944 3265 Est
966 3200 1099 3266 omnino

146 3288 242 3353 huius
269 3286 315 3349 rei
338 3285 432 3370 culpa
459 3286 566 3371 aliqua
589 3288 686 3352 etiam
712 3287 748 3352 in
775 3289 997 3354 communibus
1021 3290 1096 3353 ami·

147 3378 207 3457 eis,
229 3377 285 3462 qui
307 3395 380 3438 cum
403 3378 533 3439 metuo
560 3376 691 3442 nomine
714 3377 912 3462 salutabant,
939 3377 1021 3442 nihil
1044 3377 1097 3440 ad-

221 3535 240 3604 ι)
259 3532 300 3589 cr.
318 3533 392 3588 rem.
411 3532 469 3588 sa.
487 3531 507 3603 r,
526 3537 569 3589 m
