2658 3914
252 227 317 290 200
622 224 705 280 vnn.
724 222 827 279 LECT.

250 373 309 434 aut
341 369 495 434 novitatis
532 370 589 432 aut
623 367 862 451 peregrinitatis
893 368 1025 432 nomine
1062 374 1217 453 suspecta

253 457 350 522 sunt?
387 455 466 522 Cum
495 477 590 538 saepe
618 456 805 539 contingere
828 455 1004 540 videamus,
1031 460 1068 520 ut
1090 458 1217 522 multae

251 566 345 610 voces
377 545 431 608 diu
463 544 503 607 ab
540 543 612 607 istis
644 545 835 608 censeantur
865 543 949 606 inter
980 563 1096 624 novas,
1128 566 1217 629 quae

251 636 365 715 postea
396 652 496 714 usque
520 631 561 694 ab
584 630 699 694 ultima
730 629 922 714 antiquitate
950 651 970 694 a
1000 631 1216 698 nobilissimis

253 719 436 784 auctoribus
450 717 595 800 proditae
611 737 647 782 ac
666 721 864 802 propagatae
877 717 1086 800 reperiuntur.
1118 717 1216 802 Quid,

253 806 338 891 quod
360 807 395 870 in
421 806 493 870 istis
520 805 600 888 ipsis
623 803 787 870 Ciceronis
814 805 957 889 reliquiis
980 807 1102 870 multae
1125 811 1216 890 sunt,

253 915 335 978 quae
358 895 456 958 semel
478 895 606 956 tantum
618 892 792 977 legrmtur?
827 891 917 976 Ergo
932 893 959 957 si
972 895 1105 976 paulum
1120 895 1214 959 ohar-

252 986 305 1046 tae
328 986 385 1045 aut
406 1003 478 1046 mus
493 983 549 1045 aut
561 981 649 1044 tinea
663 980 850 1063 adrosisset,
874 984 930 1043 aut
953 981 1033 1044 situs
1057 984 1090 1044 et
1108 983 1214 1046 caries

252 1070 459 1152 corrupisset,
489 1071 545 1133 ant
572 1069 712 1132 scintilla
740 1089 757 1132 e
784 1069 915 1132 lucerna
940 1068 977 1132 in
1003 1071 1123 1134 certam
1153 1069 1212 1133 ali-

253 1179 349 1241 quam
370 1157 446 1221 libri
467 1159 592 1240 partem
613 1156 791 1238 incidisset,
812 1154 907 1220 hodie
924 1157 1074 1238 mandi
1088 1161 1120 1220 et
1140 1177 1213 1222 ooa-

253 1245 442 1309 trocersondi
468 1245 565 1308 verba
591 1245 755 1328 multaque
785 1243 848 1307 alia
875 1243 946 1308 istis
966 1243 1110 1308 delicatis
1137 1244 1212 1309 bar-

252 1333 331 1396 bara
362 1335 482 1414 essent,
511 1351 592 1416 quae
619 1352 706 1395 nuno
731 1332 779 1395 ita
804 1351 872 1395 non
898 1331 1075 1416 refugiunt,
1102 1335 1139 1396 ut
1162 1333 1212 1396 in·

252 1420 385 1484 oulcent.
429 1417 475 1483 Et
496 1422 533 1483 ut
555 1419 659 1503 magis
681 1418 844 1502 intelligas
866 1421 971 1484 totum
993 1418 1055 1483 hoe
1072 1440 1090 1482 e
1109 1421 1212 1484 stulta

253 1507 392 1592 quadam
405 1506 556 1590 opinione
569 1506 717 1590 pendere,
740 1506 805 1570 scio
820 1507 939 1571 multos
953 1527 992 1570 ex
1014 1507 1086 1571 istis
1099 1507 1212 1590 inepte
1310 1521 1311 1598 ᾗ

251 1595 441 1676 fastidiosis,
469 1595 585 1680 quibus
608 1594 664 1678 qui
691 1593 767 1678 quid
790 1594 914 1676 dicunt,
937 1594 1023 1678 quod
1045 1593 1212 1661 Ciceronis

252 1705 318 1747 non
342 1684 396 1765 sit,
419 1704 524 1747 meros
546 1683 669 1765 lapides
677 1680 702 1767 ¹)
725 1682 813 1766 loqui
836 1682 996 1760 videntur,
1020 1682 1150 1765 quibus,
1173 1686 1212 1746 ut
1310 1693 1311 1740 l

252 1770 330 1835 clim
352 1771 483 1835 athletis
505 1770 538 1834 in
561 1792 691 1835 arenam
715 1769 988 1853 descendentibus,
1011 1770 1209 1836 circumdan-

252 1858 311 1922 dae
339 1861 447 1923 essent
473 1857 689 1940 amphotides,
712 1857 838 1941 quoties
860 1856 895 1920 in
921 1857 1085 1941 publicum
1113 1859 1209 1940 prod-

252 1949 342 2028 eunt,
364 1967 404 2010 ne
429 1945 581 2010 delicatae
601 1945 744 2028 ipsorum
768 1966 860 2010 aures
873 1965 988 2010 vocum
1001 1965 1069 2009 non
1082 1943 1207 2011 Cicero·

252 2033 422 2098 nianarum
449 2033 566 2098 ictibus
593 2033 877 2115 contunderentur,
905 2053 998 2115 saepe
1022 2053 1091 2096 esse
1115 2055 1135 2096 a
1156 2055 1209 2098 me

252 2141 370 2206 magna
401 2142 473 2186 cum
504 2120 669 2204 voluptate
702 2121 840 2185 delusos.
890 2117 977 2184 Nam
1009 2141 1082 2184 cum
1113 2141 1210 2186 voces

252 2209 408 2293 quasdam
436 2210 669 2292 observassem,
696 2206 858 2273 Ciceronis
886 2207 1012 2291 quidem
1036 2208 1121 2291 illas,
1152 2207 1209 2274 sed

251 2297 359 2362 minus
373 2296 537 2380 contritas,
558 2317 663 2381 neque
676 2317 697 2358 a
709 2293 836 2360 Niaolic
849 2295 885 2359 in
897 2295 988 2359 illum
1008 2295 1207 2377 praeclarum

251 2381 431 2469 indicem2),
459 2384 515 2469 qui
537 2384 673 2448 istorum
696 2382 831 2446 obrussa
853 2385 916 2464 est,
944 2382 1076 2447 relatas:
1107 2383 1207 2447 admi-

252 2472 379 2536 scebam
403 2491 456 2534 eas
480 2471 518 2534 de
540 2469 700 2534 industria
722 2470 861 2535 orationi
883 2491 982 2548 meae,
1005 2491 1078 2534 cum
1101 2470 1141 2534 ad
1154 2493 1207 2536 ms

251 2558 444 2622 audiendum
457 2557 553 2622 amici
566 2557 696 2640 quidam
716 2557 787 2641 hoc,
810 2557 849 2622 de
872 2579 935 2642 quo
948 2559 1072 2642 loquor,
1093 2558 1209 2624 morbo

251 2646 434 2710 laborantes
456 2645 628 2710 venissent.
664 2643 716 2708 Illi
735 2649 772 2709 ut
789 2666 899 2710 earum
918 2666 1077 2729 quamque
1100 2645 1208 2710 audie-

251 2736 338 2816 rant,
361 2732 514 2798 oervicem
536 2736 758 2816 contorquere,
779 2733 929 2797 humeros
943 2733 1098 2814 attollere,
1120 2733 1207 2798 fron·

251 2825 318 2886 tem
340 2820 536 2903 contrahere,
560 2819 641 2884 alius
664 2819 720 2884 alii
742 2819 777 2883 in
800 2841 909 2884 aurern
923 2821 1132 2903 insusurrare,
1154 2839 1207 2884 ex·

252 2909 318 2974 euti
341 2909 403 2973 sibi
416 2908 591 2992 cerebrum,
612 2908 716 2992 perire
731 2928 833 2990 aures,
855 2929 928 2972 oum
940 2907 1060 2972 talibus
1075 2908 1207 2974 vocibus

251 2998 503 3063 verberarentur.
549 2995 754 3072 Quinetiam
778 2998 871 3060 coetu
893 2995 1024 3060 dimisso
1048 3017 1120 3060 oum
1146 3017 1207 3080 me,

252 3089 289 3149 ut
309 3086 359 3167 fit,
386 3084 483 3150 officii
510 3105 624 3149 caussa
650 3084 780 3148 domum
803 3083 1001 3165 reducerent,
1023 3085 1107 3146 male
1130 3103 1206 3148 sea

251 3194 302 3236 me
316 3172 446 3237 habitos
461 3175 557 3255 atque
572 3175 720 3254 acceptos
734 3191 802 3235 esse
817 3169 1101 3254 conquerebantur.
1133 3169 1206 3253 Ego

252 3259 449 3342 aliquamdiu
472 3279 527 3323 eos
541 3259 692 3342 ambiguo
707 3279 853 3324 sermone
870 3259 1053 3340 frustratus,
1075 3256 1205 3323 tandem

325 3465 345 3532 ¹)
363 3465 454 3519 Plant.
473 3463 566 3520 Aulul.
585 3465 619 3518 ΙΙ.
640 3469 663 3530 1,
683 3469 725 3518 29.

324 3533 345 3601 ¹)
363 3534 485 3590 Lexiccn
504 3533 725 3589 Ciceronianam.
