2658 3914
507 275 624 330 11111
643 277 738 330 111111.
1033 272 1094 336 177

139 418 310 499 deportabis
336 419 508 502 imperium.
563 417 625 484 Sed
657 419 738 484 nihil
765 420 845 483 mihi
876 423 944 482 tam
971 421 1097 502 praeter

141 505 326 587 opinionem
340 507 467 585 accidit,
491 529 587 590 quarn
601 529 672 571 eam
689 507 918 589 coniecturam,
943 528 1006 590 qua
1027 507 1096 588 ipse

140 593 220 656 mihi
242 595 412 696 praecipue
435 596 615 679 placebam,
638 617 735 679 quam
749 595 972 659 eruditissimis
994 593 1096 656 homi-

140 681 235 745 nibus
268 683 453 766 saepissime
486 687 735 767 ostentaveram,
768 705 864 768 quam
896 687 933 746 ut
963 681 1097 746 filiolam

141 768 347 850 arnplexabar
377 792 496 854 meam,
535 771 707 856 legendum
740 770 846 853 esse¹l
884 770 1028 835 Gnarum
1063 770 1099 833 id

140 855 280 934 Caesari,
307 858 363 921 ubi
390 863 464 921 ante
491 881 542 922 me
571 881 681 924 omnes
708 859 798 924 nullo
828 880 924 922 sensu
951 859 1098 942 legerant

140 942 174 1006 Ο
197 906 322 1008 Nauium
348 947 382 1009 id
403 945 545 1010 Caesari:
573 968 644 1010 eam
666 945 787 1030 Lipsio
805 967 930 1030 quoque
952 947 987 1009 in
1009 965 1097 1009 men·

140 1033 206 1093 tem
229 1032 361 1096 venisse.
416 1032 564 1118 Cogitavi
592 1039 699 1098 autem
727 1035 812 1097 idem
839 1034 919 1096 mihi
947 1033 1097 1114 evenisse,

141 1118 226 1200 quod
254 1120 363 1183 multis
392 1122 551 1205 patribus,
581 1122 636 1206 qui
659 1123 734 1186 dum
758 1122 884 1185 adultas
908 1142 945 1184 ac
971 1082 1097 1184 nubilet

140 1206 222 1269 filias
245 1207 381 1271 nimium
409 1209 464 1273 diu
487 1209 574 1273 domi
596 1210 726 1293 habent,
750 1210 858 1294 eisque
881 1209 1097 1273 conditionem

141 1315 290 1376 quaerere
304 1296 486 1381 negligunt,
510 1297 653 1361 efficiunt
670 1298 841 1381 interdum,
863 1301 900 1361 ut
922 1297 1011 1380 ipsae
1036 1297 1097 1360 sibi

139 1384 273 1447 maritos
300 1388 464 1468 quaerant.
520 1383 595 1468 Sed,
623 1388 696 1450 utut
728 1387 784 1469 sit,
811 1386 962 1469 quoniam
993 1386 1031 1448 de
1059 1407 1096 1448 eo

139 1469 242 1533 Taciti
264 1471 335 1536 Ioco
363 1474 465 1536 multa
488 1473 622 1537 dicenda
646 1478 735 1558 sunt,
763 1494 801 1538 ea
823 1473 969 1558 proximo
993 1474 1096 1557 capite

140 1577 356 1640 exsequemur.

471 1731 615 1798 CAPUT
637 1732 754 1797 XLIII.

212 1849 392 1920 QUIDDAM,
416 1852 513 1917 QUOD
534 1853 700 1907 OCCULTE
720 1851 1024 1907 SIGNIFICAVERAT

180 1937 367 2006 IIOMERUS,
386 1939 466 1994 NON
488 1940 621 1995 MINORI
642 1939 826 1994 ARTIFIOIO
845 1941 871 1994 A
888 1940 1052 1995 VIRGILIO

429 2027 691 2082 SIGNIFICATUM
710 2027 806 2082 ESSE.

206 2132 253 2198 Ut
274 2135 395 2200 inferos
418 2156 501 2220 esse,
523 2136 579 2200 ubi
602 2136 796 2200 asceleratis
813 2135 998 2200 hominibus
1022 2157 1096 2219 poe·

141 2243 201 2285 nae
227 2228 304 2305 post
330 2227 467 2288 mortem
490 2223 673 2307 exigantur,
700 2224 823 2288 nemini
848 2245 991 2307 unquam
1018 2245 1096 2288 sano
1180 2255 1183 2259 ·

141 2309 274 2374 dubium
296 2311 371 2394 fuit,
393 2312 440 2375 ita
463 2313 672 2376 excubantem
695 2333 754 2395 pro
776 2311 952 2375 inferorum
974 2312 1097 2376 foribus

141 2395 326 2481 Cerberum,
350 2403 382 2462 et
394 2398 589 2464 Acheruntis
610 2401 893 2482 transvectionem,
916 2404 949 2463 et
966 2421 1096 2464 caussae

143 2485 314 2548 dictionem
351 2487 401 2550 ad'
422 2487 542 2552 Minois
573 2487 732 2572 tribunal,
768 2490 801 2552 et
831 2488 970 2570 pertusis
1003 2488 1096 2553 doliis

143 2593 261 2655 aquam
290 2573 475 2638 haurientes
501 2575 637 2658 puellas,
671 2579 704 2640 et
729 2575 850 2640 Ixionis
879 2576 941 2640 sibi
970 2577 1096 2641 assidue

143 2660 363 2724 imminentem
386 2663 509 2746 fugam,
532 2666 565 2726 et
586 2666 794 2747 metuentem,
820 2685 862 2728 ne
885 2666 942 2728 aut
964 2665 1019 2728 siti
1041 2669 1098 2728 aut

143 2747 356 2831 impendentis
386 2751 454 2814 saxi
482 2772 557 2814 casu
586 2751 689 2815 denuo
717 2753 885 2834 moriatur,
913 2751 1095 2835 Tantalum,

142 2839 304 2900 ettotam
332 2836 467 2920 denique
494 2839 584 2902 illam
610 2839 646 2902 in
672 2838 820 2902 Plutonis
847 2839 942 2902 domo
969 2842 1095 2923 tragoe-

142 2923 235 3005 diam,
250 2924 440 3009 quicumque
455 2946 493 2988 ex
506 2925 667 2990 veteribus
681 2927 776 3008 paulo
787 2925 981 2990 cordatiores
996 2931 1095 3010 erant,

141 3011 177 3074 in
200 3012 397 3076 somniorum
421 3015 477 3076 aut
499 3014 633 3077 anilium
655 3012 845 3076 fabellarum
871 3014 942 3076 loco
971 3034 1097 3098 semper

142 3099 331 3164 habueruut.
380 3099 493 3184 Itaque
522 3105 554 3165 et
577 3099 687 3166 Cicero
709 3101 814 3183 primo
837 3101 919 3164 libro
943 3099 1094 3166 Tuscula-

141 3185 288 3271 narum²)
312 3208 350 3251 11
372 3188 502 3252 irridere
532 3208 569 3252 ae
595 3188 755 3272 pictorum
778 3191 811 3252 et
832 3193 1001 3272 poetarum
1023 3212 1094 3273 por·

141 3277 232 3339 tenta
265 3297 379 3340 vocare
411 3297 478 3340 non
509 3280 649 3359 veretur,
681 3297 762 3360 quae
794 3277 982 3342 convincere
1013 3279 1096 3342 nihil

143 3363 264 3448 negotii
286 3364 341 3428 sit:
365 3367 398 3428 et
421 3364 557 3428 aliorum
583 3364 759 3450 quamlibet
781 3367 884 3430 multa
909 3366 1095 3432 testimonia

214 3519 233 3586 ¹)
252 3535 275 3574 c.
295 3525 319 3574 5.

212 3588 233 3657 ²)
252 3607 274 3644 c.
294 3595 319 3645 1.
338 3607 351 3645 s

190 3684 285 3726 Meam
297 3687 347 3728 Seu.
361 3694 409 3726 1111.
422 3695 447 3727 rc
850 3686 882 3735 12
