2656 3910
600 207 778 263 EPISTOLA
795 208 880 263 LXII.

701 403 800 468 LXII.

454 530 503 606 M.
531 529 773 603 ANTONIUS
800 529 1025 603 MURETUS

711 665 733 707 Β.
746 666 774 706 1).

491 753 685 809 SINIBALDO
703 751 899 807 ANTONINO
919 752 989 808 SUO

332 879 372 944 In
395 881 527 946 summis
555 879 819 963 occupationibus
846 879 939 962 meis,
966 877 1132 944 Sinibalde
1159 879 1234 945 An·

265 969 390 1053 tonina,
420 992 502 1054 quae
529 990 579 1032 me
607 967 764 1051 respirare
792 967 845 1032 vix
873 967 995 1051 sinunt,
1022 968 1087 1052 legi
1111 970 1233 1033 tamen

265 1056 440 1141 Dialogum
462 1061 567 1140 tuum,
590 1059 623 1120 et
644 1057 842 1138 voluptatem
864 1055 962 1141 longe
984 1056 1163 1120 maximam
1191 1079 1233 1120 ex

267 1146 335 1208 eius
364 1145 501 1209 lectione
528 1144 664 1228 percepi.
713 1143 924 1207 Delectarunt
954 1164 1006 1206 me
1029 1149 1232 1228 argumenta

267 1235 300 1296 et
329 1232 495 1316 ingeniose
523 1233 704 1316 excogitata
735 1235 768 1295 et
800 1231 900 1294 densa
931 1234 963 1294 et
990 1231 1078 1315 vive,
1109 1236 1149 1296 ut
1181 1234 1231 1297 ita

268 1319 384 1402 dicam,
408 1341 444 1383 ac
467 1319 604 1402 spiranti
626 1319 781 1384 orationis
808 1339 924 1403 genere
954 1339 1113 1402 expressa.
1160 1319 1230 1384 Ita·

268 1429 328 1491 que
351 1410 388 1470 ut
409 1406 628 1492 Pythagoram
651 1408 742 1470 aiunt
769 1429 786 1470 e
813 1406 942 1471 modulo
966 1406 1070 1508 pedis,
1099 1413 1229 1492 quanta

268 1495 409 1579 corporis
424 1497 506 1560 mole
530 1495 645 1560 fuisset
658 1494 821 1579 Hercules,
843 1494 1015 1559 iudicasse:
1039 1495 1084 1559 sic
1109 1499 1142 1558 et
1164 1518 1228 1598 ego

268 1605 306 1647 ex
334 1584 395 1648 hoc
421 1584 511 1649 brevi
538 1588 699 1649 comment
685 1583 801 1647 tariclo
828 1582 921 1646 facile
956 1582 994 1646 dc
1022 1583 1108 1646 tui
1097 1585 1228 1667 mgenii

268 1676 394 1758 magmt
371 1672 490 1737 'tudine
513 1694 550 1738 ac
572 1671 771 1756 praestantia
796 1670 943 1735 iudicavi.
987 1670 1090 1735 Amor
1114 1677 1227 1737 autem

268 1782 345 1845 erga
375 1783 425 1824 me
454 1765 542 1844 tuus,
579 1781 673 1843 quem
704 1761 800 1843 plane
835 1759 1030 1842 singularem
1062 1761 1153 1823 omni
1187 1783 1227 1824 ex

267 1852 359 1931 parte
383 1849 537 1932 declaras,
560 1849 628 1912 noli
651 1868 802 1932 quaerere
826 1849 1023 1930 quantopere
1046 1847 1127 1910 mihi
1152 1868 1225 1932 gra·

268 1939 320 1999 tus
345 1957 381 1999 ac
403 1937 560 2000 iucundus
579 1936 683 2000 fuerit.
660 1934 831 2018 tNeque
855 1934 941 1998 enim
963 1935 1064 2000 ullum
1078 1957 1225 2020 unquam
1287 1947 1288 1950 ’

269 2023 348 2087 1111111
370 2025 525 2089 maiorem
547 2024 632 2088 fruct
618 2028 688 2089 tum
701 2024 883 2108 vigiliarum
907 2043 944 2086 ac
964 2024 1112 2088 laborum
1135 2046 1224 2089 meo-

268 2135 339 2176 rum
370 2114 557 2198 proposui,
574 2135 670 2198 quam
700 2116 737 2175 ut
766 2134 785 2175 a
816 2111 865 2175 tui
897 2111 1054 2175 similibus
1087 2134 1223 2178 amarer.

269 2199 374 2276 Quare
397 2203 458 2266 etsi
480 2224 547 2265 non
570 2221 712 2300 agnosco
734 2221 788 2264 111
810 2199 934 2283 laudes,
962 2221 1041 2283 quas
1067 2203 1104 2264 tu
1131 2195 1223 2288 αὐτῷ

268 2289 312 2376 τῷ
336 2285 532 2375 θυλάκῳω
511 2289 674 2370 utaiunt,
701 2287 736 2351 in
764 2309 815 2350 me
838 2287 999 2371 congeris:
1028 2309 1152 2351 summe
1175 2293 1222 2352 11-

269 2353 344 2439 nien
366 2398 439 2439 amo
462 2376 561 2438 istum
576 2396 726 2456 amorem,
749 2375 803 2458 qui
825 2375 886 2443 tibi
899 2375 1023 2440 homini
1039 2379 1108 2440 tarn
1128 2381 1222 2442 acuto

270 2483 307 2526 ac
329 2463 506 2546 perspicaci
528 2462 677 2526 tenebras
706 2424 854 2527 dffuderit
880 2484 980 2548 eaque
1008 2464 1046 2528 de
1073 2486 1125 2528 me
1151 2487 1222 2530 sen·
1278 2543 1279 2551 ἵ

269 2551 330 2614 tire
362 2571 399 2614 ac
430 2550 613 2632 praedicare
647 2551 800 2636 coegerit,
833 2573 913 2652 quae
946 2572 987 2614 ne
1018 2555 1053 2615 tu
1084 2552 1278 2637 quidem,

271 2659 464 2723 quamquam
487 2639 586 2702 disert
572 2642 624 2702 tus
647 2661 695 2722 es,
723 2640 777 2702 alii
805 2641 954 2724 cuiquam
976 2640 1069 2703 facile
1091 2662 1221 2794 persua·
1276 2659 1277 2683 ¹

271 2727 343 2790 dere
367 2748 487 2810 posses
523 2690 696 2811 Dialogurri
720 2728 795 2791 edas
818 2749 946 2792 censeo.
970 2728 1046 2792 nolo
1070 2729 1187 2793 enimi
1175 2735 1222 2794 ita

270 2815 395 2879 modest
381 2818 433 2880 tus
465 2815 578 2899 videri,
614 2818 651 2879 ut
691 2816 811 2899 gloriae
846 2820 922 2880 tuae
958 2837 1029 2880 mea
1066 2817 1199 2882 modest'
1176 2823 1222 2883 tra

271 2904 385 2969 obstet.
421 2905 508 2969 Auct
493 2908 544 2970 tor
567 2905 653 2968 enim
675 2904 736 2968 tibi
760 2925 843 2987 sum,
866 2908 903 2968 ut
921 2905 967 2968 alt
968 2927 988 2968 a
953 2904 1109 2968 tmedit
1095 2908 1162 2970 tere
1186 2930 1220 2970 11

270 2993 444 3079 procudas,
466 3015 570 3078 neque
593 2993 780 3058 reformides
803 2992 860 3057 obt
846 2995 948 3056 ttreca
949 2996 1056 3056 torum
1078 2996 1219 3060 voculas:

271 3103 352 3164 quae
384 3083 419 3145 in
450 3082 654 3164 proscenium
690 3081 861 3165 prodeunti
897 3080 1046 3144 nonnihil
1077 3079 1220 3148 fortassis

271 3170 425 3230 molestae
448 3170 574 3231 futurae
598 3173 688 3251 sunt3
712 3169 767 3233 ubi
789 3169 850 3232 tibi
873 3169 972 3233 semel
998 3168 1066 3251 ipse
1094 3171 1220 3236 audien-

272 3254 352 3317 tiam
374 3255 500 3335 feceris,
523 3256 746 3320 conticescent.
792 3256 883 3322 Vale.
904 3256 1036 3321 Romae.
1058 3254 1138 3322 Idib.
1161 3259 1219 3324 De·

274 3342 373 3406 cemb.
395 3359 587 3408 nnnxxvm.

672 3503 816 3514 n-ffl
