2656 3910
451 239 632 294 EPISTOLA
649 239 745 294 XLVL

542 487 656 553 XLVI.

459 607 576 664 EIDEM
593 607 732 664 Roscio.

187 733 227 799 In
248 734 310 800 hac
333 734 582 800 commuialione
606 734 731 798 consilii
745 732 783 797 de
805 731 1004 797 insiiiuenda
1025 754 1075 796 ra·

119 824 210 887 tione
234 823 411 887 studiorum
432 822 495 905 lui,
521 822 604 886 nihil
626 843 677 886 me
699 821 803 906 magis
827 821 999 885 sollicitum
1020 819 1076 883 ha-

119 911 185 993 bei,
209 932 306 995 quam
329 911 415 994 quod
436 910 554 993 nescio,
577 931 658 994 quos
681 928 870 993 progressus
893 908 928 970 in
947 906 1076 971 Graecis

120 998 239 1062 litteris
266 999 388 1062 feceris.
434 997 575 1072 Quarum
603 997 672 1061 sine
699 995 852 1060 mediocri
884 994 999 1058 sallem
1026 1015 1077 1058 co·

122 1085 271 1170 gniiione
285 1106 359 1148 cave
382 1086 475 1167 pules
490 1085 531 1148 ad
548 1085 647 1148 ullam
661 1083 824 1148 doctrinae
846 1081 1077 1165 praestantiam

122 1172 293 1257 perveniri.
337 1171 395 1236 Eis
418 1171 447 1235 si
468 1172 515 1235 ila
529 1171 679 1236 imbutus
702 1191 745 1253 es,
767 1172 805 1234 ul
825 1170 930 1252 possis
952 1168 1077 1234 Aristo-

121 1262 220 1325 telem
248 1264 361 1343 suapte
387 1260 499 1344 lingua
526 1260 710 1344 loquentem
741 1258 920 1343 intelligere
947 1258 1079 1343 eiusque

123 1349 221 1412 eiiam
243 1348 434 1432 interpretes
456 1347 595 1412 Graecos
618 1348 686 1413 sinc
709 1348 897 1431 cuiusquam
923 1346 1078 1429 interpre·
1210 1359 1220 1380 s

123 1437 247 1500 talione
269 1435 386 1502 Latina
413 1438 590 1519 consulere,
616 1456 683 1500 non
708 1435 829 1500 invilus
855 1434 961 1518 patiar
982 1437 1014 1498 le
1038 1433 1079 1497 ad

126 1525 232 1588 studia
260 1524 481 1607 philosophiae
505 1523 641 1608 gradum
662 1525 781 1604 facere3
809 1522 883 1603 etsi,
909 1525 1079 1586 ulvarum

124 1613 238 1694 fatear,
251 1610 471 1694 Demostheni,
485 1610 671 1692 Thucydidi,
683 1609 859 1690 Herodoto,
871 1607 1080 1690 Xenophonti

125 1705 158 1762 el
193 1699 288 1764 huius
325 1697 452 1783 generis
489 1697 697 1779 scriptoribus
734 1697 945 1778 paetercaque
975 1694 1080 1777 podiis

126 1785 257 1851 Graecis
281 1806 402 1850 annum
425 1784 528 1848 adhuc
552 1804 652 1846 unum
673 1783 744 1847 dari
766 1781 960 1845 maluissem
995 1778 1079 1845 Volo

127 1873 288 1958 equidem,
316 1871 466 1956 quicquid
493 1892 585 1955 ages,
612 1891 764 1954 prospere
791 1869 852 1933 tibi
879 1889 916 1933 ac
947 1868 1081 1932 feliciter

128 1959 269 2039 evenire3
298 1959 354 2022 sed
379 1961 489 2021 tamen
510 1979 578 2022 non
600 1959 811 2041 commistam,
833 1959 882 2040 ut,
910 1956 938 2021 si
960 1957 1081 2041 absque

129 2047 186 2109 illo
209 2045 423 2108 instrumento
446 2048 478 2108 te
501 2046 543 2109 ad
568 2044 804 2128 philosophiam
827 2045 1012 2127 contuleris,
1036 2045 1082 2108 di-

128 2131 769 2305 lsssssseffhfflPhlhllsshllll
789 2131 1082 2300 hachilla·

130 2308 222 2394 quasi
244 2306 306 2373 cibi
326 2308 362 2372 in
383 2308 424 2372 iis
447 2308 573 2392 litteris,
596 2328 677 2392 quae
698 2306 904 2371 humaniores
927 2268 1083 2388 dicuntur:

129 2396 420 2460 consenesccndum
444 2397 594 2461 arbitrer:
620 2396 718 2480 longe
741 2415 867 2478 semper
888 2394 930 2458 ab
953 2415 991 2457 ea
1013 2414 1083 2458 sen·

129 2483 233 2547 tentia
254 2504 344 2548 meus
367 2483 471 2548 abfuit
493 2485 632 2548 animus:
661 2483 717 2549 sed
738 2486 775 2546 lu
797 2485 830 2547 ei
852 2503 891 2547 ea
913 2483 1017 2546 aelate
1040 2503 1083 2564 cs,

130 2574 167 2634 ul
189 2591 359 2654 properare
380 2592 449 2635 non
462 2570 589 2655 debeas,
612 2574 645 2635 ec
658 2593 695 2636 ec
710 2571 850 2657 ingenio,
872 2573 917 2653 ut,
941 2569 970 2634 si
992 2569 1084 2634 firma

129 2679 168 2722 ac
191 2659 292 2722 solida
319 2658 481 2723 dcclrinae
507 2660 717 2724 fundamenta
737 2659 863 2741 ieceris,
891 2658 932 2722 ad
959 2679 1085 2722 summa

130 2746 239 2810 omnia
260 2747 354 2810 facile
376 2749 586 2830 perventurus
609 2768 678 2812 esse
700 2746 846 2812 videaris.
890 2743 975 2810 Nam
999 2745 1084 2828 quod

130 2834 192 2917 ais,
216 2833 284 2898 eine
307 2835 490 2919 eloquentia
510 2836 630 2900 multos
653 2834 695 2898 ad
722 2855 880 2898 summanr
903 2832 1084 2915 amplitudi-

130 2941 206 2984 nem
227 2922 419 3005 pervenisse,
442 2923 516 2986 sine'
535 2922 694 3005 sapientia
711 2922 886 2984 neminem:
909 2919 1015 2983 verius
1039 2918 1084 2981 di-

130 3009 246 3090 xisses,
269 3011 302 3071 et
324 3008 393 3071 sine
421 3009 579 3090 sapientia
602 3010 635 3070 et
657 3008 727 3072 sine
755 3005 939 3089 eloquentia
961 3006 994 3067 et
1016 3004 1085 3068 eine

130 3096 197 3159 ullo
225 3116 300 3159 vero
332 3095 418 3159 bono
451 3095 569 3159 mullos
601 3115 652 3176 ea,
683 3114 764 3177 quae
795 3093 892 3176 vulgo
923 3091 1085 3156 habentur

131 3183 344 3267 amplissima,
375 3185 408 3246 et
439 3183 517 3246 olim
549 3184 736 3246 consecutos
772 3201 842 3246 esse
875 3182 908 3243 el
943 3179 1084 3264 quotidie

132 3271 292 3356 consequi.
337 3269 386 3334 De
414 3270 531 3356 quibus
558 3269 787 3334 constitueram
809 3267 871 3332 hoc
893 3268 964 3333 loco
986 3268 1084 3351 pluri·

131 3358 193 3422 bus
216 3358 380 3441 disserere,
403 3358 459 3424 sed
481 3379 605 3422 avocor.
645 3357 723 3421 Tres
747 3356 832 3422 enim
854 3355 908 3420 hic
928 3354 1083 3418 habemus

131 3443 326 3529 Cardinalcs,
339 3444 575 3530 Augustanum,
588 3443 821 3526 Vermiensem,
830 3441 1006 3507 Alciatum:
1031 3440 1086 3524 qui

131 3531 212 3596 mihi
225 3554 319 3598 omne
332 3555 432 3617 prope
445 3536 573 3616 tempus
587 3533 735 3616 eripiunt.
765 3530 813 3595 Mi
826 3529 932 3612 Rosci,
954 3528 1085 3611 ignosce
