<?xml version="1.0" encoding="UTF-8"?>
<!DOCTYPE html PUBLIC "-//W3C//DTD XHTML 1.0 Transitional//EN"
    "http://www.w3.org/TR/xhtml1/DTD/xhtml1-transitional.dtd">
<html xmlns="http://www.w3.org/1999/xhtml" xml:lang="en" lang="en">
 <head>
  <title>
</title>
<meta http-equiv="Content-Type" content="text/html;charset=utf-8" />
  <meta name='ocr-system' content='tesseract 3.04.00' />
  <meta name='ocr-capabilities' content='ocr_page ocr_carea ocr_par ocr_line ocrx_word'/>
</head>
<body>
  <div class='ocr_page' id='page_1' title='image "./scriptaselecta01muregoog_0195.png"; bbox 0 0 2658 3914; ppageno 0'>
   <div class='ocr_carea' id='block_1_1' title="bbox 275 219 851 285">
    <p class='ocr_par' dir='ltr' id='par_1_1' title="bbox 275 219 851 285">
     <span class='ocr_line' id='line_1_1' title="bbox 275 219 851 285; baseline -0.003 -11"><span class='ocrx_word' id='word_1_1' title='bbox 275 221 335 285; x_wconf 86' lang='lat'><strong>188</strong></span> <span class='ocrx_word' id='word_1_2' title='bbox 647 220 731 275; x_wconf 87' lang='lat' dir='ltr'><strong>VAR.</strong></span> <span class='ocrx_word' id='word_1_3' title='bbox 750 219 851 274; x_wconf 73' lang='lat' dir='ltr'><strong>Lucu.</strong></span> 
     </span>
    </p>
   </div>
   <div class='ocr_carea' id='block_1_2' title="bbox 270 363 1308 3431">
    <p class='ocr_par' dir='ltr' id='par_1_2' title="bbox 270 363 1308 3431">
     <span class='ocr_line' id='line_1_2' title="bbox 271 363 1234 451; baseline 0 -20"><span class='ocrx_word' id='word_1_4' title='bbox 271 365 412 451; x_wconf 83' lang='lat' dir='ltr'><strong>quaeso?</strong></span> <span class='ocrx_word' id='word_1_5' title='bbox 434 366 576 450; x_wconf 89' lang='lat' dir='ltr'><strong>inquam.</strong></span> <span class='ocrx_word' id='word_1_6' title='bbox 621 363 828 446; x_wconf 81' lang='lat' dir='ltr'><strong>Phoenicem,</strong></span> <span class='ocrx_word' id='word_1_7' title='bbox 856 363 962 446; x_wconf 89' lang='lat' dir='ltr'><strong>inquit</strong></span> <span class='ocrx_word' id='word_1_8' title='bbox 983 364 1046 427; x_wconf 88' lang='lat' dir='ltr'><strong>ille.</strong></span> <span class='ocrx_word' id='word_1_9' title='bbox 1086 363 1234 431; x_wconf 80' lang='lat' dir='ltr'>Obsecro</span> 
     </span>
     <span class='ocr_line' id='line_1_3' title="bbox 270 450 1233 538; baseline -0.001 -19"><span class='ocrx_word' id='word_1_10' title='bbox 270 459 316 538; x_wconf 88' lang='lat' dir='ltr'><strong>te,</strong></span> <span class='ocrx_word' id='word_1_11' title='bbox 344 454 441 518; x_wconf 91' lang='lat' dir='ltr'><strong>etiam</strong></span> <span class='ocrx_word' id='word_1_12' title='bbox 469 453 658 536; x_wconf 91' lang='lat' dir='ltr'><strong>phoenicem</strong></span> <span class='ocrx_word' id='word_1_13' title='bbox 680 452 728 516; x_wconf 90' lang='lat' dir='ltr'><strong>illi</strong></span> <span class='ocrx_word' id='word_1_14' title='bbox 756 451 939 515; x_wconf 74' lang='lat' dir='ltr'><strong>esitabant?</strong></span> <span class='ocrx_word' id='word_1_15' title='bbox 984 450 1090 534; x_wconf 76' lang='lat' dir='ltr'><strong>Certe,</strong></span> <span class='ocrx_word' id='word_1_16' title='bbox 1113 452 1233 536; x_wconf 83' lang='lat' dir='ltr'><strong>inquit.</strong></span> 
     </span>
     <span class='ocr_line' id='line_1_4' title="bbox 271 538 1234 626; baseline -0.002 -19"><span class='ocrx_word' id='word_1_17' title='bbox 271 541 383 626; x_wconf 84' lang='lat' dir='ltr'>Neque</span> <span class='ocrx_word' id='word_1_18' title='bbox 410 542 517 623; x_wconf 91' lang='lat' dir='ltr'><strong>multi,</strong></span> <span class='ocrx_word' id='word_1_19' title='bbox 543 541 690 624; x_wconf 88' lang='lat' dir='ltr'><strong>inquam,</strong></span> <span class='ocrx_word' id='word_1_20' title='bbox 717 561 820 624; x_wconf 88' lang='lat' dir='ltr'><strong>neque</strong></span> <span class='ocrx_word' id='word_1_21' title='bbox 851 560 946 623; x_wconf 80' lang='lat' dir='ltr'>saepe</span> <span class='ocrx_word' id='word_1_22' title='bbox 976 538 1010 604; x_wconf 91' lang='lat' dir='ltr'><strong>id</strong></span> <span class='ocrx_word' id='word_1_23' title='bbox 1038 540 1143 604; x_wconf 88' lang='lat' dir='ltr'><strong>facere</strong></span> <span class='ocrx_word' id='word_1_24' title='bbox 1172 563 1234 624; x_wconf 94' lang='lat' dir='ltr'><strong>po·</strong></span> 
     </span>
     <span class='ocr_line' id='line_1_5' title="bbox 271 627 1233 694; baseline 0.001 -1"><span class='ocrx_word' id='word_1_25' title='bbox 271 634 387 694; x_wconf 89' lang='lat' dir='ltr'><strong>terant.</strong></span> <span class='ocrx_word' id='word_1_26' title='bbox 438 630 541 693; x_wconf 82' lang='lat' dir='ltr'><strong>Aiunt</strong></span> <span class='ocrx_word' id='word_1_27' title='bbox 568 629 653 692; x_wconf 90' lang='lat' dir='ltr'><strong>enim</strong></span> <span class='ocrx_word' id='word_1_28' title='bbox 677 649 748 692; x_wconf 87' lang='lat' dir='ltr'><strong>eam</strong></span> <span class='ocrx_word' id='word_1_29' title='bbox 775 649 867 692; x_wconf 85' lang='lat' dir='ltr'><strong>avem</strong></span> <span class='ocrx_word' id='word_1_30' title='bbox 893 627 1021 692; x_wconf 88' lang='lat' dir='ltr'><strong>unicam</strong></span> <span class='ocrx_word' id='word_1_31' title='bbox 1051 631 1123 694; x_wconf 89' lang='lat' dir='ltr'><strong>toto</strong></span> <span class='ocrx_word' id='word_1_32' title='bbox 1151 629 1233 694; x_wconf 91' lang='lat' dir='ltr'><strong>orbe</strong></span> 
     </span>
     <span class='ocr_line' id='line_1_6' title="bbox 270 717 1232 801; baseline -0.001 -19"><span class='ocrx_word' id='word_1_33' title='bbox 270 718 416 801; x_wconf 91' lang='lat' dir='ltr'><strong>reperiri,</strong></span> <span class='ocrx_word' id='word_1_34' title='bbox 443 721 476 781; x_wconf 90' lang='lat' dir='ltr'><strong>et</strong></span> <span class='ocrx_word' id='word_1_35' title='bbox 502 718 607 782; x_wconf 86' lang='lat' dir='ltr'><strong>vivere</strong></span> <span class='ocrx_word' id='word_1_36' title='bbox 635 737 753 799; x_wconf 88' lang='lat' dir='ltr'><strong>annos,</strong></span> <span class='ocrx_word' id='word_1_37' title='bbox 784 717 911 799; x_wconf 84' lang='lat' dir='ltr'><strong>opinor,</strong></span> <span class='ocrx_word' id='word_1_38' title='bbox 944 719 1110 780; x_wconf 70' lang='lat' dir='ltr'><strong>sexcentos</strong></span> <span class='ocrx_word' id='word_1_39' title='bbox 1138 739 1232 781; x_wconf 86' lang='lat' dir='ltr'><strong>sexa·</strong></span> 
     </span>
     <span class='ocr_line' id='line_1_7' title="bbox 272 804 1232 890; baseline 0 -21"><span class='ocrx_word' id='word_1_40' title='bbox 272 807 376 890; x_wconf 82' lang='lat' dir='ltr'><strong>ginta,</strong></span> <span class='ocrx_word' id='word_1_41' title='bbox 404 807 437 870; x_wconf 85' lang='lat' dir='ltr'><strong>et</strong></span> <span class='ocrx_word' id='word_1_42' title='bbox 458 827 531 870; x_wconf 91' lang='lat' dir='ltr'><strong>cum</strong></span> <span class='ocrx_word' id='word_1_43' title='bbox 554 805 625 890; x_wconf 84' lang='lat' dir='ltr'><strong>ipsa</strong></span> <span class='ocrx_word' id='word_1_44' title='bbox 652 805 714 868; x_wconf 90' lang='lat' dir='ltr'><strong>sibi</strong></span> <span class='ocrx_word' id='word_1_45' title='bbox 736 823 851 888; x_wconf 78' lang='lat' dir='ltr'><strong>rogum</strong></span> <span class='ocrx_word' id='word_1_46' title='bbox 876 805 1091 868; x_wconf 63' lang='lat' dir='ltr'><strong>construxerit</strong></span> <span class='ocrx_word' id='word_1_47' title='bbox 1117 804 1232 869; x_wconf 89' lang='lat' dir='ltr'><strong>funus—</strong></span> 
     </span>
     <span class='ocr_line' id='line_1_8' title="bbox 273 891 1232 980; baseline 0.001 -23"><span class='ocrx_word' id='word_1_48' title='bbox 273 914 333 980; x_wconf 88' lang='lat' dir='ltr'><strong>que</strong></span> <span class='ocrx_word' id='word_1_49' title='bbox 356 893 480 976; x_wconf 87' lang='lat' dir='ltr'><strong>fecerit,</strong></span> <span class='ocrx_word' id='word_1_50' title='bbox 511 896 581 957; x_wconf 88' lang='lat' dir='ltr'><strong>tum</strong></span> <span class='ocrx_word' id='word_1_51' title='bbox 604 892 717 957; x_wconf 87' lang='lat' dir='ltr'><strong>eodem</strong></span> <span class='ocrx_word' id='word_1_52' title='bbox 739 892 794 956; x_wconf 93' lang='lat' dir='ltr'><strong>illo</strong></span> <span class='ocrx_word' id='word_1_53' title='bbox 818 913 856 955; x_wconf 94' lang='lat' dir='ltr'><strong>ex</strong></span> <span class='ocrx_word' id='word_1_54' title='bbox 883 911 963 976; x_wconf 83' lang='lat' dir='ltr'><strong>rogo</strong></span> <span class='ocrx_word' id='word_1_55' title='bbox 985 893 1119 956; x_wconf 88' lang='lat' dir='ltr'><strong>renasci.</strong></span> <span class='ocrx_word' id='word_1_56' title='bbox 1166 891 1232 958; x_wconf 87' lang='lat' dir='ltr'><strong>Sed</strong></span> 
     </span>
     <span class='ocr_line' id='line_1_9' title="bbox 272 979 1231 1066; baseline -0.001 -20"><span class='ocrx_word' id='word_1_57' title='bbox 272 1003 332 1066; x_wconf 87' lang='lat' dir='ltr'><strong>ego</strong></span> <span class='ocrx_word' id='word_1_58' title='bbox 355 982 510 1066; x_wconf 83' lang='lat' dir='ltr'><strong>figmenta</strong></span> <span class='ocrx_word' id='word_1_59' title='bbox 533 1002 602 1045; x_wconf 78' lang='lat' dir='ltr'><strong>esre</strong></span> <span class='ocrx_word' id='word_1_60' title='bbox 615 981 672 1044; x_wconf 90' lang='lat' dir='ltr'><strong>illa</strong></span> <span class='ocrx_word' id='word_1_61' title='bbox 693 983 862 1064; x_wconf 72' lang='lat' dir='ltr'><strong>pottarum</strong></span> <span class='ocrx_word' id='word_1_62' title='bbox 884 979 1047 1062; x_wconf 89' lang='lat' dir='ltr'><strong>putabam.</strong></span> <span class='ocrx_word' id='word_1_63' title='bbox 1080 980 1129 1043; x_wconf 82' lang='lat' dir='ltr'><strong>Tu</strong></span> <span class='ocrx_word' id='word_1_64' title='bbox 1142 1002 1231 1058; x_wconf 90' lang='lat' dir='ltr'><strong>vero,</strong></span> 
     </span>
     <span class='ocr_line' id='line_1_10' title="bbox 273 1067 1232 1240; baseline 0 -19"><span class='ocrx_word' id='word_1_65' title='bbox 273 1092 386 1222; x_wconf 65' lang='lat' dir='ltr'><strong>suu</strong></span> <span class='ocrx_word' id='word_1_66' title='bbox 408 1070 544 1220; x_wconf 64' lang='lat' dir='ltr'><strong>{tlt</strong></span> <span class='ocrx_word' id='word_1_67' title='bbox 560 1067 1232 1240; x_wconf 54' lang='lat' dir='ltr'><strong>&amp;recoluisses:lamus</strong></span> 
     </span>
     <span class='ocr_line' id='line_1_11' title="bbox 272 1242 1231 1328; baseline 0 -20"><span class='ocrx_word' id='word_1_68' title='bbox 272 1245 400 1328; x_wconf 84' lang='lat' dir='ltr'><strong>gulonis</strong></span> <span class='ocrx_word' id='word_1_69' title='bbox 422 1245 522 1325; x_wconf 91' lang='lat' dir='ltr'><strong>illius,</strong></span> <span class='ocrx_word' id='word_1_70' title='bbox 545 1245 601 1328; x_wconf 87' lang='lat' dir='ltr'><strong>qui</strong></span> <span class='ocrx_word' id='word_1_71' title='bbox 623 1245 708 1309; x_wconf 84' lang='lat' dir='ltr'><strong>tanti</strong></span> <span class='ocrx_word' id='word_1_72' title='bbox 729 1243 892 1327; x_wconf 84' lang='lat' dir='ltr'><strong>putaverit</strong></span> <span class='ocrx_word' id='word_1_73' title='bbox 913 1242 1022 1325; x_wconf 85' lang='lat' dir='ltr'><strong>palato</strong></span> <span class='ocrx_word' id='word_1_74' title='bbox 1046 1243 1231 1327; x_wconf 79' lang='lat' dir='ltr'><strong>gratificari,</strong></span> 
     </span>
     <span class='ocr_line' id='line_1_12' title="bbox 272 1331 1230 1414; baseline 0.003 -19"><span class='ocrx_word' id='word_1_75' title='bbox 272 1337 309 1396; x_wconf 88' lang='lat' dir='ltr'><strong>ut</strong></span> <span class='ocrx_word' id='word_1_76' title='bbox 339 1336 408 1395; x_wconf 89' lang='lat' dir='ltr'><strong>tam</strong></span> <span class='ocrx_word' id='word_1_77' title='bbox 439 1331 606 1414; x_wconf 90' lang='lat' dir='ltr'><strong>pulchram</strong></span> <span class='ocrx_word' id='word_1_78' title='bbox 638 1353 730 1396; x_wconf 84' lang='lat' dir='ltr'><strong>avem</strong></span> <span class='ocrx_word' id='word_1_79' title='bbox 765 1332 800 1394; x_wconf 92' lang='lat' dir='ltr'><strong>in</strong></span> <span class='ocrx_word' id='word_1_80' title='bbox 831 1334 1023 1414; x_wconf 90' lang='lat' dir='ltr'><strong>perpetuum</strong></span> <span class='ocrx_word' id='word_1_81' title='bbox 1055 1332 1230 1398; x_wconf 87' lang='lat' dir='ltr'><strong>sustulerit.</strong></span> 
     </span>
     <span class='ocr_line' id='line_1_13' title="bbox 273 1419 1231 1502; baseline 0.001 -18"><span class='ocrx_word' id='word_1_82' title='bbox 273 1419 366 1484; x_wconf 82' lang='lat' dir='ltr'><strong>Certe</strong></span> <span class='ocrx_word' id='word_1_83' title='bbox 390 1420 489 1501; x_wconf 90' lang='lat' dir='ltr'><strong>enim,</strong></span> <span class='ocrx_word' id='word_1_84' title='bbox 512 1441 584 1482; x_wconf 91' lang='lat' dir='ltr'><strong>cum</strong></span> <span class='ocrx_word' id='word_1_85' title='bbox 607 1420 703 1483; x_wconf 88' lang='lat' dir='ltr'><strong>unica</strong></span> <span class='ocrx_word' id='word_1_86' title='bbox 724 1423 793 1483; x_wconf 90' lang='lat' dir='ltr'><strong>toto</strong></span> <span class='ocrx_word' id='word_1_87' title='bbox 818 1419 894 1482; x_wconf 88' lang='lat' dir='ltr'><strong>orbe</strong></span> <span class='ocrx_word' id='word_1_88' title='bbox 913 1419 956 1482; x_wconf 86' lang='lat' dir='ltr'><strong>sit</strong></span> <span class='ocrx_word' id='word_1_89' title='bbox 982 1440 1085 1502; x_wconf 91' lang='lat' dir='ltr'><strong>neque</strong></span> <span class='ocrx_word' id='word_1_90' title='bbox 1103 1420 1168 1482; x_wconf 91' lang='lat' dir='ltr'><strong>nisi</strong></span> <span class='ocrx_word' id='word_1_91' title='bbox 1191 1443 1231 1485; x_wconf 88' lang='lat' dir='ltr'><strong>ex</strong></span> 
     </span>
     <span class='ocr_line' id='line_1_14' title="bbox 273 1507 1230 1590; baseline 0 -18"><span class='ocrx_word' id='word_1_92' title='bbox 273 1529 306 1572; x_wconf 89' lang='lat' dir='ltr'><strong>se</strong></span> <span class='ocrx_word' id='word_1_93' title='bbox 334 1509 532 1590; x_wconf 86' lang='lat' dir='ltr'><strong>renascatur,</strong></span> <span class='ocrx_word' id='word_1_94' title='bbox 559 1507 728 1571; x_wconf 88' lang='lat' dir='ltr'><strong>interfecta</strong></span> <span class='ocrx_word' id='word_1_95' title='bbox 754 1528 819 1570; x_wconf 89' lang='lat' dir='ltr'><strong>una</strong></span> <span class='ocrx_word' id='word_1_96' title='bbox 845 1510 951 1570; x_wconf 90' lang='lat' dir='ltr'><strong>totum</strong></span> <span class='ocrx_word' id='word_1_97' title='bbox 978 1527 1080 1590; x_wconf 85' lang='lat' dir='ltr'><strong>genus</strong></span> <span class='ocrx_word' id='word_1_98' title='bbox 1110 1509 1230 1572; x_wconf 90' lang='lat' dir='ltr'><strong>exstin-</strong></span> 
     </span>
     <span class='ocr_line' id='line_1_15' title="bbox 274 1593 1231 1678; baseline 0.001 -19"><span class='ocrx_word' id='word_1_99' title='bbox 274 1600 362 1660; x_wconf 91' lang='lat' dir='ltr'><strong>ctum</strong></span> <span class='ocrx_word' id='word_1_100' title='bbox 386 1599 443 1659; x_wconf 88' lang='lat' dir='ltr'><strong>est.</strong></span> <span class='ocrx_word' id='word_1_101' title='bbox 478 1593 587 1678; x_wconf 85' lang='lat' dir='ltr'><strong>Atque</strong></span> <span class='ocrx_word' id='word_1_102' title='bbox 611 1615 649 1658; x_wconf 88' lang='lat' dir='ltr'><strong>ea</strong></span> <span class='ocrx_word' id='word_1_103' title='bbox 671 1595 817 1659; x_wconf 78' lang='lat' dir='ltr'><strong>fortassis</strong></span> <span class='ocrx_word' id='word_1_104' title='bbox 837 1616 950 1658; x_wconf 86' lang='lat' dir='ltr'><strong>caussa</strong></span> <span class='ocrx_word' id='word_1_105' title='bbox 963 1598 1021 1672; x_wconf 86' lang='lat' dir='ltr'><strong>est,</strong></span> <span class='ocrx_word' id='word_1_106' title='bbox 1043 1615 1100 1657; x_wconf 90' lang='lat' dir='ltr'><strong>cur</strong></span> <span class='ocrx_word' id='word_1_107' title='bbox 1120 1597 1231 1660; x_wconf 88' lang='lat' dir='ltr'><strong>nullus</strong></span> 
     </span>
     <span class='ocr_line' id='line_1_16' title="bbox 271 1680 1230 1767; baseline 0 -20"><span class='ocrx_word' id='word_1_108' title='bbox 271 1683 462 1766; x_wconf 88' lang='lat' dir='ltr'><strong>iampridem</strong></span> <span class='ocrx_word' id='word_1_109' title='bbox 488 1683 629 1766; x_wconf 88' lang='lat' dir='ltr'><strong>phoenix</strong></span> <span class='ocrx_word' id='word_1_110' title='bbox 662 1682 847 1765; x_wconf 86' lang='lat' dir='ltr'><strong>reperiatur.</strong></span> <span class='ocrx_word' id='word_1_111' title='bbox 892 1680 990 1746; x_wconf 90' lang='lat' dir='ltr'><strong>Ludis</strong></span> <span class='ocrx_word' id='word_1_112' title='bbox 1022 1685 1059 1745; x_wconf 87' lang='lat' dir='ltr'><strong>tu</strong></span> <span class='ocrx_word' id='word_1_113' title='bbox 1091 1682 1230 1767; x_wconf 87' lang='lat' dir='ltr'><strong>quidem,</strong></span> 
     </span>
     <span class='ocr_line' id='line_1_17' title="bbox 273 1770 1230 1855; baseline 0.001 -20"><span class='ocrx_word' id='word_1_114' title='bbox 273 1772 380 1855; x_wconf 91' lang='lat' dir='ltr'><strong>inquit</strong></span> <span class='ocrx_word' id='word_1_115' title='bbox 406 1772 473 1850; x_wconf 90' lang='lat' dir='ltr'><strong>ille,</strong></span> <span class='ocrx_word' id='word_1_116' title='bbox 501 1775 533 1834; x_wconf 84' lang='lat' dir='ltr'><strong>ei</strong></span> <span class='ocrx_word' id='word_1_117' title='bbox 556 1771 652 1835; x_wconf 87' lang='lat' dir='ltr'><strong>solita</strong></span> <span class='ocrx_word' id='word_1_118' title='bbox 673 1771 730 1834; x_wconf 89' lang='lat' dir='ltr'><strong>illa</strong></span> <span class='ocrx_word' id='word_1_119' title='bbox 757 1774 813 1834; x_wconf 87' lang='lat' dir='ltr'><strong>tua</strong></span> <span class='ocrx_word' id='word_1_120' title='bbox 836 1770 1091 1834; x_wconf 77' lang='lat' dir='ltr'><strong>dissimulatione</strong></span> <span class='ocrx_word' id='word_1_121' title='bbox 1114 1773 1230 1836; x_wconf 87' lang='lat' dir='ltr'><strong>uteris:</strong></span> 
     </span>
     <span class='ocr_line' id='line_1_18' title="bbox 274 1857 1230 1942; baseline 0 -18"><span class='ocrx_word' id='word_1_122' title='bbox 274 1860 329 1924; x_wconf 93' lang='lat' dir='ltr'><strong>sed</strong></span> <span class='ocrx_word' id='word_1_123' title='bbox 357 1860 384 1924; x_wconf 92' lang='lat' dir='ltr'><strong>si</strong></span> <span class='ocrx_word' id='word_1_124' title='bbox 411 1863 480 1923; x_wconf 88' lang='lat' dir='ltr'><strong>tum</strong></span> <span class='ocrx_word' id='word_1_125' title='bbox 508 1859 702 1942; x_wconf 82' lang='lat' dir='ltr'><strong>inspexisses</strong></span> <span class='ocrx_word' id='word_1_126' title='bbox 734 1859 852 1922; x_wconf 90' lang='lat' dir='ltr'><strong>librum</strong></span> <span class='ocrx_word' id='word_1_127' title='bbox 882 1857 1047 1922; x_wconf 75' lang='lat' dir='ltr'><strong>Plutarchi</strong></span> <span class='ocrx_word' id='word_1_128' title='bbox 1079 1858 1117 1922; x_wconf 91' lang='lat' dir='ltr'><strong>de</strong></span> <span class='ocrx_word' id='word_1_129' title='bbox 1144 1862 1230 1925; x_wconf 89' lang='lat' dir='ltr'><strong>vale·</strong></span> 
     </span>
     <span class='ocr_line' id='line_1_19' title="bbox 271 1946 1230 2031; baseline 0.001 -20"><span class='ocrx_word' id='word_1_130' title='bbox 271 1947 383 2011; x_wconf 91' lang='lat' dir='ltr'><strong>tudine</strong></span> <span class='ocrx_word' id='word_1_131' title='bbox 415 1947 547 2029; x_wconf 89' lang='lat' dir='ltr'><strong>tuenda,</strong></span> <span class='ocrx_word' id='word_1_132' title='bbox 579 1947 743 2010; x_wconf 82' lang='lat' dir='ltr'><strong>didicisses</strong></span> <span class='ocrx_word' id='word_1_133' title='bbox 767 1967 805 2009; x_wconf 90' lang='lat' dir='ltr'><strong>ex</strong></span> <span class='ocrx_word' id='word_1_134' title='bbox 828 1967 880 2029; x_wconf 91' lang='lat' dir='ltr'><strong>eo,</strong></span> <span class='ocrx_word' id='word_1_135' title='bbox 906 1946 999 2009; x_wconf 89' lang='lat' dir='ltr'><strong>istius</strong></span> <span class='ocrx_word' id='word_1_136' title='bbox 1023 1947 1104 2030; x_wconf 87' lang='lat' dir='ltr'><strong>avis,</strong></span> <span class='ocrx_word' id='word_1_137' title='bbox 1132 1969 1230 2031; x_wconf 83' lang='lat' dir='ltr'><strong>quam</strong></span> 
     </span>
     <span class='ocr_line' id='line_1_20' title="bbox 272 2033 1230 2120; baseline 0.002 -22"><span class='ocrx_word' id='word_1_138' title='bbox 272 2039 309 2098; x_wconf 88' lang='lat' dir='ltr'><strong>tu</strong></span> <span class='ocrx_word' id='word_1_139' title='bbox 330 2035 453 2098; x_wconf 88' lang='lat' dir='ltr'><strong>nullam</strong></span> <span class='ocrx_word' id='word_1_140' title='bbox 475 2055 544 2098; x_wconf 91' lang='lat' dir='ltr'><strong>esse</strong></span> <span class='ocrx_word' id='word_1_141' title='bbox 567 2038 675 2117; x_wconf 84' lang='lat' dir='ltr'><strong>putas,</strong></span> <span class='ocrx_word' id='word_1_142' title='bbox 698 2035 862 2098; x_wconf 90' lang='lat' dir='ltr'><strong>cerebrum</strong></span> <span class='ocrx_word' id='word_1_143' title='bbox 886 2033 976 2097; x_wconf 83' lang='lat' dir='ltr'><strong>dulce</strong></span> <span class='ocrx_word' id='word_1_144' title='bbox 999 2034 1127 2117; x_wconf 92' lang='lat' dir='ltr'><strong>quidem</strong></span> <span class='ocrx_word' id='word_1_145' title='bbox 1151 2057 1230 2120; x_wconf 91' lang='lat' dir='ltr'><strong>esse,</strong></span> 
     </span>
     <span class='ocr_line' id='line_1_21' title="bbox 273 2122 1230 2206; baseline 0.002 -20"><span class='ocrx_word' id='word_1_146' title='bbox 273 2122 328 2187; x_wconf 88' lang='lat' dir='ltr'><strong>sed</strong></span> <span class='ocrx_word' id='word_1_147' title='bbox 342 2122 484 2186; x_wconf 91' lang='lat' dir='ltr'><strong>dolorem</strong></span> <span class='ocrx_word' id='word_1_148' title='bbox 499 2122 612 2205; x_wconf 89' lang='lat' dir='ltr'><strong>capitis</strong></span> <span class='ocrx_word' id='word_1_149' title='bbox 625 2122 790 2185; x_wconf 88' lang='lat' dir='ltr'><strong>inducere:</strong></span> <span class='ocrx_word' id='word_1_150' title='bbox 814 2122 898 2205; x_wconf 92' lang='lat' dir='ltr'><strong>quod</strong></span> <span class='ocrx_word' id='word_1_151' title='bbox 912 2126 979 2186; x_wconf 88' lang='lat' dir='ltr'><strong>tam</strong></span> <span class='ocrx_word' id='word_1_152' title='bbox 998 2123 1104 2206; x_wconf 82' lang='lat' dir='ltr'><strong>gravis</strong></span> <span class='ocrx_word' id='word_1_153' title='bbox 1119 2128 1230 2188; x_wconf 83' lang='lat' dir='ltr'><strong>auctor</strong></span> 
     </span>
     <span class='ocr_line' id='line_1_22' title="bbox 272 2209 1230 2296; baseline 0.001 -22"><span class='ocrx_word' id='word_1_154' title='bbox 272 2232 439 2294; x_wconf 91' lang='lat' dir='ltr'><strong>nunquam</strong></span> <span class='ocrx_word' id='word_1_155' title='bbox 461 2210 666 2292; x_wconf 85' lang='lat' dir='ltr'><strong>prodidisset,</strong></span> <span class='ocrx_word' id='word_1_156' title='bbox 689 2209 753 2273; x_wconf 88' lang='lat' dir='ltr'><strong>nisi</strong></span> <span class='ocrx_word' id='word_1_157' title='bbox 772 2211 886 2273; x_wconf 87' lang='lat' dir='ltr'><strong>saltem</strong></span> <span class='ocrx_word' id='word_1_158' title='bbox 905 2210 945 2272; x_wconf 89' lang='lat' dir='ltr'><strong>ab</strong></span> <span class='ocrx_word' id='word_1_159' title='bbox 968 2210 1022 2293; x_wconf 89' lang='lat' dir='ltr'><strong>iis,</strong></span> <span class='ocrx_word' id='word_1_160' title='bbox 1046 2210 1101 2294; x_wconf 90' lang='lat' dir='ltr'><strong>qui</strong></span> <span class='ocrx_word' id='word_1_161' title='bbox 1114 2211 1146 2275; x_wconf 90' lang='lat' dir='ltr'><strong>id</strong></span> <span class='ocrx_word' id='word_1_162' title='bbox 1171 2233 1230 2296; x_wconf 80' lang='lat' dir='ltr'><strong>gu-</strong></span> 
     </span>
     <span class='ocr_line' id='line_1_23' title="bbox 273 2297 1230 2382; baseline 0.002 -20"><span class='ocrx_word' id='word_1_163' title='bbox 273 2301 431 2382; x_wconf 84' lang='lat' dir='ltr'><strong>stassent,</strong></span> <span class='ocrx_word' id='word_1_164' title='bbox 446 2298 606 2361; x_wconf 86' lang='lat' dir='ltr'><strong>audiisset.</strong></span> <span class='ocrx_word' id='word_1_165' title='bbox 643 2297 733 2361; x_wconf 82' lang='lat' dir='ltr'><strong>Istud</strong></span> <span class='ocrx_word' id='word_1_166' title='bbox 747 2319 831 2380; x_wconf 88' lang='lat' dir='ltr'><strong>vero,</strong></span> <span class='ocrx_word' id='word_1_167' title='bbox 853 2298 995 2382; x_wconf 86' lang='lat' dir='ltr'><strong>inquam,</strong></span> <span class='ocrx_word' id='word_1_168' title='bbox 1013 2298 1116 2382; x_wconf 80' lang='lat' dir='ltr'><strong>magis</strong></span> <span class='ocrx_word' id='word_1_169' title='bbox 1131 2300 1230 2364; x_wconf 87' lang='lat' dir='ltr'><strong>etiam</strong></span> 
     </span>
     <span class='ocr_line' id='line_1_24' title="bbox 272 2384 1231 2470; baseline 0.003 -21"><span class='ocrx_word' id='word_1_170' title='bbox 272 2387 390 2450; x_wconf 89' lang='lat' dir='ltr'><strong>mirum</strong></span> <span class='ocrx_word' id='word_1_171' title='bbox 421 2385 533 2466; x_wconf 86' lang='lat' dir='ltr'><strong>fuerit,</strong></span> <span class='ocrx_word' id='word_1_172' title='bbox 570 2385 626 2468; x_wconf 92' lang='lat' dir='ltr'><strong>qui</strong></span> <span class='ocrx_word' id='word_1_173' title='bbox 658 2384 755 2448; x_wconf 89' lang='lat' dir='ltr'><strong>semel</strong></span> <span class='ocrx_word' id='word_1_174' title='bbox 786 2406 860 2448; x_wconf 88' lang='lat' dir='ltr'><strong>eum</strong></span> <span class='ocrx_word' id='word_1_175' title='bbox 896 2385 1002 2449; x_wconf 92' lang='lat' dir='ltr'><strong>cibum</strong></span> <span class='ocrx_word' id='word_1_176' title='bbox 1034 2391 1231 2470; x_wconf 81' lang='lat' dir='ltr'><strong>gustassent,</strong></span> 
     </span>
     <span class='ocr_line' id='line_1_25' title="bbox 272 2471 1230 2557; baseline 0.002 -20"><span class='ocrx_word' id='word_1_177' title='bbox 272 2494 376 2557; x_wconf 92' lang='lat' dir='ltr'><strong>neque</strong></span> <span class='ocrx_word' id='word_1_178' title='bbox 405 2472 490 2535; x_wconf 90' lang='lat' dir='ltr'><strong>enim</strong></span> <span class='ocrx_word' id='word_1_179' title='bbox 517 2476 650 2554; x_wconf 90' lang='lat' dir='ltr'><strong>potuere</strong></span> <span class='ocrx_word' id='word_1_180' title='bbox 679 2471 822 2555; x_wconf 87' lang='lat' dir='ltr'><strong>saepius,</strong></span> <span class='ocrx_word' id='word_1_181' title='bbox 849 2476 918 2537; x_wconf 85' lang='lat' dir='ltr'><strong>tam</strong></span> <span class='ocrx_word' id='word_1_182' title='bbox 941 2474 1005 2537; x_wconf 89' lang='lat' dir='ltr'><strong>cito</strong></span> <span class='ocrx_word' id='word_1_183' title='bbox 1033 2477 1066 2538; x_wconf 87' lang='lat' dir='ltr'><strong>et</strong></span> <span class='ocrx_word' id='word_1_184' title='bbox 1091 2478 1160 2538; x_wconf 87' lang='lat' dir='ltr'><strong>tam</strong></span> <span class='ocrx_word' id='word_1_185' title='bbox 1183 2477 1230 2539; x_wconf 91' lang='lat' dir='ltr'><strong>di-</strong></span> 
     </span>
     <span class='ocr_line' id='line_1_26' title="bbox 273 2558 1230 2648; baseline 0.004 -24"><span class='ocrx_word' id='word_1_186' title='bbox 273 2561 389 2624; x_wconf 87' lang='lat' dir='ltr'><strong>stincte</strong></span> <span class='ocrx_word' id='word_1_187' title='bbox 412 2562 562 2622; x_wconf 88' lang='lat' dir='ltr'><strong>naturam</strong></span> <span class='ocrx_word' id='word_1_188' title='bbox 585 2558 671 2623; x_wconf 89' lang='lat' dir='ltr'><strong>illius</strong></span> <span class='ocrx_word' id='word_1_189' title='bbox 694 2561 857 2643; x_wconf 88' lang='lat' dir='ltr'><strong>percipere</strong></span> <span class='ocrx_word' id='word_1_190' title='bbox 879 2561 1031 2644; x_wconf 90' lang='lat' dir='ltr'><strong>potuisse.</strong></span> <span class='ocrx_word' id='word_1_191' title='bbox 1067 2560 1154 2626; x_wconf 86' lang='lat' dir='ltr'><strong>Nam</strong></span> <span class='ocrx_word' id='word_1_192' title='bbox 1169 2584 1230 2648; x_wconf 82' lang='lat' dir='ltr'><strong>ego</strong></span> 
     </span>
     <span class='ocr_line' id='line_1_27' title="bbox 272 2643 1232 2736; baseline 0.006 -26"><span class='ocrx_word' id='word_1_193' title='bbox 272 2648 319 2710; x_wconf 87' lang='lat' dir='ltr'><strong>ita</strong></span> <span class='ocrx_word' id='word_1_194' title='bbox 341 2668 380 2710; x_wconf 93' lang='lat' dir='ltr'><strong>ex</strong></span> <span class='ocrx_word' id='word_1_195' title='bbox 393 2646 566 2710; x_wconf 87' lang='lat' dir='ltr'><strong>Aristotele</strong></span> <span class='ocrx_word' id='word_1_196' title='bbox 575 2643 600 2732; x_wconf 84' lang='lat'><strong>¹)</strong></span> <span class='ocrx_word' id='word_1_197' title='bbox 624 2647 812 2729; x_wconf 88' lang='lat' dir='ltr'><strong>didiceram,</strong></span> <span class='ocrx_word' id='word_1_198' title='bbox 835 2649 1020 2713; x_wconf 89' lang='lat' dir='ltr'><strong>ememoria</strong></span> <span class='ocrx_word' id='word_1_199' title='bbox 1043 2649 1120 2734; x_wconf 89' lang='lat' dir='ltr'><strong>eius,</strong></span> <span class='ocrx_word' id='word_1_200' title='bbox 1144 2652 1232 2736; x_wconf 91' lang='lat' dir='ltr'><strong>quod</strong></span> 
     </span>
     <span class='ocr_line' id='line_1_28' title="bbox 274 2733 1231 2820; baseline 0.004 -22"><span class='ocrx_word' id='word_1_201' title='bbox 274 2755 367 2817; x_wconf 88' lang='lat' dir='ltr'><strong>saepe</strong></span> <span class='ocrx_word' id='word_1_202' title='bbox 391 2733 503 2799; x_wconf 93' lang='lat' dir='ltr'><strong>eodem</strong></span> <span class='ocrx_word' id='word_1_203' title='bbox 517 2733 612 2799; x_wconf 93' lang='lat' dir='ltr'><strong>modo</strong></span> <span class='ocrx_word' id='word_1_204' title='bbox 628 2735 828 2819; x_wconf 81' lang='lat' dir='ltr'><strong>contigisset,</strong></span> <span class='ocrx_word' id='word_1_205' title='bbox 852 2737 1093 2820; x_wconf 85' lang='lat' dir='ltr'><strong>experientiam,</strong></span> <span class='ocrx_word' id='word_1_206' title='bbox 1117 2741 1231 2802; x_wconf 90' lang='lat' dir='ltr'><strong>emul-</strong></span> 
     </span>
     <span class='ocr_line' id='line_1_29' title="bbox 273 2822 1308 2907; baseline 0.005 -21"><span class='ocrx_word' id='word_1_207' title='bbox 273 2822 315 2886; x_wconf 91' lang='lat' dir='ltr'><strong>tis</strong></span> <span class='ocrx_word' id='word_1_208' title='bbox 339 2826 446 2886; x_wconf 84' lang='lat' dir='ltr'><strong>autem</strong></span> <span class='ocrx_word' id='word_1_209' title='bbox 470 2859 511 2868; x_wconf 88' lang='lat'>—</span> <span class='ocrx_word' id='word_1_210' title='bbox 536 2822 602 2886; x_wconf 93' lang='lat' dir='ltr'><strong>scio</strong></span> <span class='ocrx_word' id='word_1_211' title='bbox 624 2823 686 2887; x_wconf 93' lang='lat' dir='ltr'><strong>hoc</strong></span> <span class='ocrx_word' id='word_1_212' title='bbox 701 2823 850 2888; x_wconf 85' lang='lat' dir='ltr'><strong>Latinum</strong></span> <span class='ocrx_word' id='word_1_213' title='bbox 873 2845 939 2888; x_wconf 89' lang='lat' dir='ltr'><strong>non</strong></span> <span class='ocrx_word' id='word_1_214' title='bbox 961 2845 1039 2907; x_wconf 89' lang='lat' dir='ltr'><strong>esse,</strong></span> <span class='ocrx_word' id='word_1_215' title='bbox 1062 2825 1118 2888; x_wconf 88' lang='lat' dir='ltr'><strong>sed</strong></span> <span class='ocrx_word' id='word_1_216' title='bbox 1141 2825 1231 2891; x_wconf 85' lang='lat' dir='ltr'><strong>dabi-</strong></span> <span class='ocrx_word' id='word_1_217' title='bbox 1307 2843 1308 2858; x_wconf 64' lang='lat'>¹</span> 
     </span>
     <span class='ocr_line' id='line_1_30' title="bbox 273 2911 1232 2999; baseline 0.004 -25"><span class='ocrx_word' id='word_1_218' title='bbox 273 2912 315 2975; x_wconf 91' lang='lat' dir='ltr'><strong>tis</strong></span> <span class='ocrx_word' id='word_1_219' title='bbox 347 2911 473 2974; x_wconf 88' lang='lat' dir='ltr'><strong>veniam</strong></span> <span class='ocrx_word' id='word_1_220' title='bbox 501 2946 545 2956; x_wconf 98' lang='lat'>—</span> <span class='ocrx_word' id='word_1_221' title='bbox 573 2911 777 2994; x_wconf 89' lang='lat' dir='ltr'><strong>experientiis</strong></span> <span class='ocrx_word' id='word_1_222' title='bbox 807 2915 908 2975; x_wconf 87' lang='lat' dir='ltr'><strong>artem</strong></span> <span class='ocrx_word' id='word_1_223' title='bbox 941 2912 1031 2976; x_wconf 89' lang='lat' dir='ltr'><strong>effici.</strong></span> <span class='ocrx_word' id='word_1_224' title='bbox 1081 2912 1130 2977; x_wconf 93' lang='lat' dir='ltr'><strong>De</strong></span> <span class='ocrx_word' id='word_1_225' title='bbox 1158 2914 1232 2999; x_wconf 87' lang='lat' dir='ltr'><strong>isto,</strong></span> 
     </span>
     <span class='ocr_line' id='line_1_31' title="bbox 273 2997 1232 3083; baseline 0.004 -21"><span class='ocrx_word' id='word_1_226' title='bbox 273 2999 391 3083; x_wconf 91' lang='lat' dir='ltr'><strong>inquit,</strong></span> <span class='ocrx_word' id='word_1_227' title='bbox 414 3002 451 3062; x_wconf 90' lang='lat' dir='ltr'><strong>tu</strong></span> <span class='ocrx_word' id='word_1_228' title='bbox 473 2997 603 3062; x_wconf 87' lang='lat' dir='ltr'><strong>videris:</strong></span> <span class='ocrx_word' id='word_1_229' title='bbox 626 2999 707 3062; x_wconf 92' lang='lat' dir='ltr'><strong>mihi</strong></span> <span class='ocrx_word' id='word_1_230' title='bbox 730 2999 808 3063; x_wconf 85' lang='lat' dir='ltr'><strong>satis</strong></span> <span class='ocrx_word' id='word_1_231' title='bbox 832 2999 905 3082; x_wconf 91' lang='lat' dir='ltr'><strong>erit,</strong></span> <span class='ocrx_word' id='word_1_232' title='bbox 934 2999 961 3063; x_wconf 92' lang='lat' dir='ltr'><strong>si</strong></span> <span class='ocrx_word' id='word_1_233' title='bbox 983 3000 1044 3064; x_wconf 89' lang='lat' dir='ltr'><strong>tibi</strong></span> <span class='ocrx_word' id='word_1_234' title='bbox 1066 2999 1232 3066; x_wconf 89' lang='lat' dir='ltr'><strong>Plutarchi</strong></span> 
     </span>
     <span class='ocr_line' id='line_1_32' title="bbox 274 3085 1232 3175; baseline 0.003 -24"><span class='ocrx_word' id='word_1_235' title='bbox 274 3087 379 3151; x_wconf 92' lang='lat' dir='ltr'><strong>locum</strong></span> <span class='ocrx_word' id='word_1_236' title='bbox 403 3086 582 3150; x_wconf 90' lang='lat' dir='ltr'><strong>ostendero.</strong></span> <span class='ocrx_word' id='word_1_237' title='bbox 628 3085 792 3171; x_wconf 83' lang='lat' dir='ltr'><strong>Simulque</strong></span> <span class='ocrx_word' id='word_1_238' title='bbox 814 3086 932 3150; x_wconf 91' lang='lat' dir='ltr'><strong>librum</strong></span> <span class='ocrx_word' id='word_1_239' title='bbox 951 3109 968 3151; x_wconf 94' lang='lat' dir='ltr'><strong>e</strong></span> <span class='ocrx_word' id='word_1_240' title='bbox 992 3089 1064 3152; x_wconf 90' lang='lat' dir='ltr'><strong>sinu</strong></span> <span class='ocrx_word' id='word_1_241' title='bbox 1086 3091 1232 3175; x_wconf 84' lang='lat' dir='ltr'><strong>protulit,</strong></span> 
     </span>
     <span class='ocr_line' id='line_1_33' title="bbox 273 3170 1231 3258; baseline 0.005 -22"><span class='ocrx_word' id='word_1_242' title='bbox 273 3173 394 3256; x_wconf 92' lang='lat' dir='ltr'><strong>inquo</strong></span> <span class='ocrx_word' id='word_1_243' title='bbox 419 3195 491 3236; x_wconf 93' lang='lat' dir='ltr'><strong>cum</strong></span> <span class='ocrx_word' id='word_1_244' title='bbox 524 3174 595 3237; x_wconf 89' lang='lat' dir='ltr'><strong>aliis</strong></span> <span class='ocrx_word' id='word_1_245' title='bbox 620 3174 811 3258; x_wconf 88' lang='lat' dir='ltr'><strong>quibusdam</strong></span> <span class='ocrx_word' id='word_1_246' title='bbox 834 3178 926 3239; x_wconf 88' lang='lat' dir='ltr'><strong>erant</strong></span> <span class='ocrx_word' id='word_1_247' title='bbox 944 3180 977 3239; x_wconf 88' lang='lat' dir='ltr'><strong>et</strong></span> <span class='ocrx_word' id='word_1_248' title='bbox 1002 3170 1133 3258; x_wconf 83' lang='grc' dir='ltr'><em>ὑγιεινὰ</em></span> <span class='ocrx_word' id='word_1_249' title='bbox 1156 3177 1231 3252; x_wconf 86' lang='lat' dir='ltr'><strong>Plu-</strong></span> 
     </span>
     <span class='ocr_line' id='line_1_34' title="bbox 274 3259 1232 3346; baseline 0.008 -24"><span class='ocrx_word' id='word_1_250' title='bbox 274 3260 390 3340; x_wconf 87' lang='lat' dir='ltr'><strong>tarchi,</strong></span> <span class='ocrx_word' id='word_1_251' title='bbox 412 3259 564 3342; x_wconf 85' lang='lat' dir='ltr'><strong>Erasm0,</strong></span> <span class='ocrx_word' id='word_1_252' title='bbox 595 3265 632 3324; x_wconf 88' lang='lat' dir='ltr'><strong>ut</strong></span> <span class='ocrx_word' id='word_1_253' title='bbox 658 3265 750 3346; x_wconf 86' lang='lat' dir='ltr'><strong>puto,</strong></span> <span class='ocrx_word' id='word_1_254' title='bbox 776 3264 964 3345; x_wconf 88' lang='lat' dir='ltr'><strong>interprete:</strong></span> <span class='ocrx_word' id='word_1_255' title='bbox 996 3285 1115 3328; x_wconf 90' lang='lat' dir='ltr'><strong>nomen</strong></span> <span class='ocrx_word' id='word_1_256' title='bbox 1144 3266 1232 3330; x_wconf 90' lang='lat' dir='ltr'><strong>enirn</strong></span> 
     </span>
     <span class='ocr_line' id='line_1_35' title="bbox 275 3346 1233 3431; baseline 0.008 -23"><span class='ocrx_word' id='word_1_257' title='bbox 275 3347 321 3410; x_wconf 89' lang='lat' dir='ltr'><strong>ita</strong></span> <span class='ocrx_word' id='word_1_258' title='bbox 344 3346 484 3410; x_wconf 89' lang='lat' dir='ltr'><strong>deletum</strong></span> <span class='ocrx_word' id='word_1_259' title='bbox 512 3351 599 3431; x_wconf 89' lang='lat' dir='ltr'><strong>erat,</strong></span> <span class='ocrx_word' id='word_1_260' title='bbox 625 3353 663 3412; x_wconf 90' lang='lat' dir='ltr'><strong>ut</strong></span> <span class='ocrx_word' id='word_1_261' title='bbox 685 3352 795 3414; x_wconf 85' lang='lat' dir='ltr'><strong>tamen</strong></span> <span class='ocrx_word' id='word_1_262' title='bbox 818 3371 857 3414; x_wconf 86' lang='lat' dir='ltr'><strong>ex</strong></span> <span class='ocrx_word' id='word_1_263' title='bbox 879 3350 1028 3415; x_wconf 89' lang='lat' dir='ltr'><strong>ductibus</strong></span> <span class='ocrx_word' id='word_1_264' title='bbox 1051 3353 1233 3418; x_wconf 84' lang='lat' dir='ltr'><strong>litterarum</strong></span> 
     </span>
    </p>
   </div>
   <div class='ocr_carea' id='block_1_3' title="bbox 350 3536 780 3606">
    <p class='ocr_par' dir='ltr' id='par_1_3' title="bbox 350 3536 780 3606">
     <span class='ocr_line' id='line_1_36' title="bbox 350 3536 780 3606; baseline 0.012 -18"><span class='ocrx_word' id='word_1_265' title='bbox 350 3536 368 3605; x_wconf 93' lang='lat'><strong>¹)</strong></span> <span class='ocrx_word' id='word_1_266' title='bbox 386 3537 499 3604; x_wconf 85' lang='lat' dir='ltr'><strong>Analyt.</strong></span> <span class='ocrx_word' id='word_1_267' title='bbox 519 3538 621 3605; x_wconf 88' lang='lat' dir='ltr'><strong>poster.</strong></span> <span class='ocrx_word' id='word_1_268' title='bbox 640 3538 674 3593; x_wconf 89' lang='lat' dir='ltr'><strong>ll.</strong></span> <span class='ocrx_word' id='word_1_269' title='bbox 696 3543 735 3606; x_wconf 78' lang='lat'><strong>19,</strong></span> <span class='ocrx_word' id='word_1_270' title='bbox 756 3543 780 3593; x_wconf 79' lang='lat' dir='ltr'><strong>t.</strong></span> 
     </span>
    </p>
   </div>
   <div class='ocr_carea' id='block_1_4' title="bbox 0 0 1337 3914">
    <p class='ocr_par' dir='ltr' id='par_1_4' title="bbox 0 0 1337 3914">
     <span class='ocr_line' id='line_1_37' title="bbox 0 0 1337 3914; baseline 0 0"><span class='ocrx_word' id='word_1_271' title='bbox 0 0 1337 3914; x_wconf 95' lang='lat' dir='ltr'><strong> </strong></span> 
     </span>
    </p>
   </div>
  </div>
 </body>
</html>
