2656 3910
248 201 292 262 92
577 198 759 254 EPISTOLA
775 199 872 254 am

249 346 380 430 egregia
402 345 511 428 aliqua
533 343 728 428 significatio
750 343 926 406 voluntatis
952 343 988 406 in
1009 364 1083 406 eum
1104 365 1218 414 meae.

249 433 380 497 Mittam
402 433 443 496 ad
465 437 498 496 te
521 433 642 514 scripta
655 431 813 515 quaedam
826 452 911 514 mea,
933 431 1128 514 simulatque
1147 433 1221 496 has

249 523 375 586 litteras
398 520 439 583 ad
461 524 494 584 te
516 521 658 603 perlatas
673 541 744 582 esse
757 539 948 603 cognovero.
978 517 1023 582 M.
1040 518 1220 584 Antonius

249 609 359 672 fratris
390 609 455 672 mei
480 607 517 672 F.
548 613 581 672 te
613 607 745 684 salutat,
777 607 889 670 erebro
920 607 960 672 de
990 610 1024 670 te
1054 607 1219 691 loquitur,
1308 651 1309 654 =

250 700 339 760 amat
365 700 412 780 te,
438 699 476 760 ut
502 697 611 774 debet,
638 718 677 759 ex
704 695 813 759 animo
841 699 874 758 et
901 695 942 758 ad
963 697 996 758 te
1018 696 1218 778 propediem

251 785 377 849 scribet
413 783 464 848 Tu
486 805 613 868 quoque
634 804 733 868 perge
747 804 854 846 amare
872 787 1044 867 utrumque
1058 787 1217 848 nostmm

252 877 285 936 et
307 873 388 938 vale.
410 871 543 937 Romae.
564 872 646 935 Idib.
670 871 739 934 Ian.
762 889 942 936 unam

671 1099 777 1163 LXIX

440 1225 490 1297 M.
517 1225 760 1298 ANTONIUS
786 1223 1011 1298 MURETUS

529 1359 652 1414 PAULO
672 1360 838 1416 SACRATO
856 1359 925 1416 SUO

699 1467 721 1508 S.
734 1468 763 1509 I).

320 1573 450 1640 Otiosus
483 1595 564 1638 sum.
612 1572 691 1638 Non
722 1594 817 1656 saepe
848 1547 1013 1658 usurpare
1035 1573 1115 1638 mihi
1147 1574 1214 1640 hoe
1308 1603 1309 1608 ¹

253 1664 386 1728 verbum
408 1663 493 1727 lieet.
538 1661 584 1726 Ut
605 1662 713 1748 igitur,
737 1662 765 1726 si
786 1683 853 1726 una
875 1683 1031 1745 essemus,
1058 1663 1214 1747 quiequid

254 1752 384 1816 daretur
411 1751 483 1834 otii,
516 1754 624 1815 meum
654 1750 866 1814 libentissime
895 1771 1130 1816 consumerem:
1164 1751 1214 1815 ita

253 1861 340 1904 nune
362 1843 470 1904 tecum
492 1838 610 1903 absens
632 1860 692 1922 per
716 1838 842 1902 litteras
869 1840 1041 1922 colloquar.
1087 1837 1151 1904 Sed
1173 1843 1214 1904 ut

254 1928 340 1990 inter
361 1930 560 2010 praesentes,
583 1947 656 1990 eum
679 1926 836 1991 sermonis
859 1931 1087 2011 argumentum
1111 1927 1212 2006 deest,

255 2035 407 2097 quaerere
430 2015 512 2078 alter
526 2035 565 2078 ex
587 2015 689 2079 altero
713 2015 807 2098 solet,
830 2015 943 2098 ecquid
963 2015 1040 2078 novi
1063 2015 1211 2100 audierit,

255 2107 291 2167 ut
313 2103 387 2167 inde
401 2107 554 2167 nascatur
568 2102 726 2167 sermonis
740 2102 880 2166 occasio:
903 2103 950 2166 ita
962 2103 1095 2187 fingam,
1117 2105 1150 2166 te
1171 2125 1210 2168 ex

256 2213 308 2254 me
331 2213 419 2255 nuno
432 2191 600 2274 quaesiiee,
622 2212 702 2255 num
725 2189 801 2272 quid
814 2190 892 2255 novi
904 2189 1027 2254 Romae
1051 2191 1211 2255 acciderit.

255 2277 373 2344 Utrum
401 2283 509 2342 autem
541 2277 767 2360 respondeam,
798 2277 940 2342 incertus
968 2301 1052 2342 sum:
1084 2300 1210 2344 noeane

255 2368 358 2430 multa
372 2364 514 2448 quotidie
538 2368 571 2429 et
584 2365 737 2429 accidisse
762 2369 795 2430 et
808 2366 960 2444 accidere,
983 2388 1026 2430 an
1039 2366 1121 2430 nihil
1144 2388 1209 2431 om-

256 2454 335 2518 nino
358 2452 443 2515 novi.
488 2450 575 2515 Nam
598 2455 631 2515 et
652 2452 756 2516 multa
777 2474 876 2536 nova,
903 2454 1081 2538 insperata,
1107 2454 1210 2538 inopi·

256 2544 335 2603 nata
358 2539 501 2622 quotidie
524 2539 691 2627 eveniunt,
714 2543 747 2604 et
769 2541 833 2605 alia
852 2541 989 2626 quadam
1011 2542 1138 2606 ratione
1159 2565 1208 2608 re·
1308 2551 1309 2570 ¹

256 2630 339 2710 tera,
370 2627 516 2712 vulgata,
552 2627 672 2692 usitata
703 2629 821 2694 omnia.
874 2628 951 2712 Hie,
983 2651 1078 2713 quem
1109 2651 1210 2714 nuper

256 2736 353 2779 nemo
377 2715 545 2800 adspectu,
567 2737 663 2781 nemo
686 2738 834 2781 sermone
853 2717 1057 2802 dignabatur,
1079 2721 1209 2801 repente
1308 2745 1309 2802 2

258 2803 346 2869 dives
370 2803 515 2888 effeetus,
538 2805 654 2868 colitur
676 2805 718 2870 ab
740 2803 794 2888 iis,
817 2805 873 2889 qui
887 2825 960 2870 eum
973 2805 1061 2870 haud
1083 2807 1130 2869 ita
1148 2807 1209 2889 pri-
1308 2805 1309 2814 ’

258 2891 331 2958 dem
353 2913 395 2958 ne
417 2893 659 2958 resalutandum
675 2893 803 2976 quidem
826 2913 895 2956 esse
919 2892 1100 2977 duxissent3
1122 2894 1208 2958 fasti·

258 2980 306 3045 dit
328 3003 383 3047 eos
406 2981 509 3066 ipsos,
532 3002 611 3064 quos
625 3003 729 3064 nuper
750 2981 917 3065 horrebat;
940 2981 1047 3045 aditur
1068 3003 1127 3065 per
1149 2981 1209 3065 epi-

259 3071 376 3134 stolam
399 3070 440 3134 ab
463 3070 517 3147 iis,
541 3070 596 3154 qui
618 3070 735 3134 nudius
758 3069 873 3134 tertius
897 3091 983 3152 eum,
1011 3069 1039 3132 si
1062 3069 1138 3154 quid
1159 3091 1209 3153 pe·

258 3159 354 3233 teret,
386 3157 541 3239 postridie
572 3157 675 3220 redire
707 3157 885 3222 iussissent.
946 3155 1024 3231 Quis
1056 3179 1124 3222 non
1153 3157 1211 3222 hoe

259 3242 393 3306 miretur
429 3245 467 3306 ut
497 3244 639 3307 novum?
684 3241 738 3307 Fit
769 3245 823 3308 ille
862 3266 901 3309 ex
933 3245 1081 3329 gregario
1114 3245 1210 3309 milite

259 3328 455 3413 Episcopus3
485 3330 568 3393 alius
592 3331 697 3394 mulos
721 3331 878 3416 stringere
902 3353 939 3395 ao
963 3331 1118 3396 defricare
1141 3334 1210 3398 soli·

259 3422 326 3500 tus,
349 3421 506 3502 tanquam
520 3439 559 3481 ex
580 3417 672 3482 fonte
696 3418 804 3502 aliquo
814 3420 945 3501 biberit,
968 3421 1024 3504 qui
1042 3421 1211 3504 prudentes

260 3508 293 3568 et
320 3525 427 3568 rerum
454 3506 631 3570 multarum
658 3508 858 3588 experientes
891 3507 1023 3590 efficiat,
1056 3503 1108 3593 (ut
1140 3509 1211 3574 olim
