2656 3910
477 229 656 285 EPISTOLA
674 230 719 285 LI.
1036 229 1079 294 65

123 371 312 455 disciplinae
344 394 434 437 meae
467 375 645 457 alumnum,
677 373 845 438 florentem
871 373 1019 438 laudibus
1047 378 1079 437 et

125 458 268 545 quotidie
290 461 419 544 longius
433 461 692 546 progredientem
714 463 749 526 in
773 484 810 525 ea
833 461 893 544 via,
916 483 1013 545 quam
1027 482 1078 524 me

125 547 285 612 tibiolim
312 552 492 613 monstrare
518 550 661 613 memini:
690 549 751 614 etsi
777 552 814 612 tu
837 549 978 634 quidem,
1000 551 1038 612 ut
1060 571 1079 612 a

124 655 177 700 me
200 634 383 720 discessisti,
405 638 515 719 multo,
539 659 635 721 quam
659 658 718 721 ego
742 659 822 721 sum,
843 637 990 702 meliores
1013 658 1078 700 ma-

125 723 245 806 gistros
270 727 385 789 nactus
412 746 454 790 es.
505 723 568 789 Sed
594 725 670 810 quid
697 726 789 788 tum?
824 725 973 789 blandior
999 725 1078 790 mihi

124 811 338 896 γεροντικῶς,
361 814 394 876 et
415 813 491 896 quia
512 815 544 877 te
573 814 651 878 olim
671 813 781 878 nescio
805 813 881 936 guid
904 813 1009 895 docui,
1032 813 1078 876 vi-

125 897 203 961 deor
234 899 314 962 mihi
345 902 391 983 te,
428 903 567 983 quantus
600 904 739 984 quantus
771 923 805 965 es
825 899 853 985 ),
884 904 940 963 aut
971 901 1078 983 potius

125 989 266 1068 quantus
288 987 414 1051 futurus
437 1009 480 1070 es,
502 987 698 1070 produxisse.
736 986 798 1050 Sed
820 991 858 1050 ut
878 987 959 1050 hacc
981 988 1079 1050 missa

124 1072 253 1155 faciam,
276 1071 353 1137 scin'
375 1077 412 1137 tu
437 1096 489 1136 me
512 1097 615 1158 nuper
638 1097 657 1137 a
680 1074 835 1138 Pontifice
858 1075 974 1138 iterum
997 1075 1078 1137 anti·
1141 1105 1142 1108 ¹

126 1159 874 1314 turumbertithlthttt
889 1160 1079 1316 ttetlt

126 1336 313 1401 missionem
348 1337 565 1422 impetrasset,
607 1272 742 1446 egeriint
777 1360 903 1403 mecum
939 1339 1078 1422 primum

127 1421 321 1508 Cardinales,
344 1424 457 1489 deinde
481 1426 578 1491 etiam
601 1421 701 1502 αυτὸς
718 1421 737 1492 ὁ
757 1421 934 1512 ἀρχιερεύς,
957 1429 994 1490 ut
1008 1448 1079 1489 eam

126 1512 325 1594 provinciam
357 1514 567 1596 susciperem„
613 1514 717 1578 Multa
753 1517 943 1598 argumenta
980 1515 1079 1578 allata

126 1603 215 1683 sunt,
247 1621 328 1683 quae
361 1621 411 1663 me
443 1605 621 1682 moverent,
654 1600 709 1663 sed
740 1623 841 1663 unum
872 1597 995 1664 ἄλυτον
1024 1598 1079 1663 καὶ

126 1681 293 1768 ἄφυκτον,
316 1687 403 1770 quod
424 1708 483 1769 pro
507 1686 652 1751 ducentis
666 1687 770 1750 aureis
789 1687 906 1752 annuis
930 1687 1079 1771 quadrin—

127 1777 244 1858 gentos
258 1777 508 1858 proposuerunt:
521 1774 647 1838 homini
661 1777 768 1838 autem
782 1775 891 1858 egenti
905 1777 937 1838 et
949 1777 1080 1858 propter

127 1862 350 1926 imminentem
377 1861 574 1925 senectutem
603 1862 711 1944 paullo
743 1861 784 1925 ad
813 1883 881 1926 rem
914 1863 1080 1926 attentiori

127 1949 253 2011 nullum
284 1947 552 2011 medicamentum
589 1948 732 2012 adhiberi
768 1950 875 2032 potuit
910 1951 1079 2015 efficacius.

127 2036 243 2118 Itaque
256 2034 367 2098 redibo
389 2035 455 2097 iam
477 2035 519 2099 ad
531 2039 654 2099 veteres
667 2036 740 2101 illos
755 2057 968 2120 congerrones
982 2059 1080 2121 meos,

129 2121 328 2206 Ciceronem,
359 2119 544 2206 Horatium,
581 2125 703 2187 ceteros
732 2126 765 2187 et
795 2124 875 2186 mihi
907 2124 1079 2208 quoddam-

129 2210 224 2276 modo
252 2231 475 2294 repuerascere
501 2210 642 2276 videbor.
687 2211 936 2274 Tumultuantur
962 2214 1081 2294 tamen,

128 2300 183 2384 qui
206 2321 245 2364 ex
267 2320 318 2364 me
331 2298 511 2364 Pandectas
534 2299 717 2382 audiebant,
740 2303 772 2363 et
789 2302 913 2383 negant
936 2321 968 2364 se
984 2319 1080 2383 quen·

128 2410 226 2472 quarn
256 2388 354 2452 alium
382 2387 466 2451 ferre
492 2409 601 2471 posse:
632 2388 775 2472 plerique
804 2389 913 2471 etiam,
943 2387 1080 2451 nisime

127 2475 282 2558 habeant,
305 2474 577 2559 Iurisprudentiae
605 2497 639 2541 se
662 2477 796 2540 multam
820 2477 956 2540 salutem
980 2475 1079 2540 dictu·

128 2584 182 2627 ros
205 2584 274 2627 esse
301 2563 501 2646 profitentur.
545 2564 613 2648 Ipsi
640 2564 786 2629 viderint.
831 2563 904 2650 Ego
932 2564 1080 2628 ludibun-

127 2651 188 2715 dus
216 2651 468 2736 quadringentos
494 2652 567 2717 illos
595 2653 768 2735 quotannis
790 2653 825 2717 in
848 2673 969 2735 arcam,
995 2652 1081 2716 θεοῦ

127 2736 304 2820 θέλοντος,
336 2739 539 2823 concludam,
570 2742 608 2804 ut
635 2740 678 2804 sit
704 2741 878 2825 aliquando
905 2741 990 2804 unde
1013 2740 1080 2804 otio

127 2826 192 2890 frui
215 2828 344 2909 possim.
380 2825 517 2892 Beatum
538 2830 580 2911 te,
603 2829 658 2912 qui
681 2849 753 2892 eam
771 2827 900 2893 vivendi
921 2828 1081 2892 rationem

128 2915 293 2998 ingressus
316 2935 363 2998 es,
386 2915 442 2978 ubi
465 2937 484 2978 a
505 2915 625 2979 talibus
653 2916 736 2979 curis
764 2917 891 2980 animus
918 2917 1000 2980 liber
1023 2919 1080 2978 est.

128 3000 206 3066 Noli
232 3004 342 3065 tamen
367 3004 482 3084 putare
505 3023 524 3064 a
550 3002 695 3084 meipso
723 3003 804 3066 11000
832 3004 879 3066 ita
906 3003 1022 3085 curari,
1045 3005 1082 3065 ut

128 3110 245 3174 angar:
273 3085 431 3172 λαμβάνω
458 3082 499 3153 τὰ
526 3084 702 3172 διδόμενα,
729 3091 763 3153 et
789 3090 865 3173 quia
891 3112 991 3174 usque
1017 3090 1081 3154 huc

127 3179 236 3261 paullo
260 3177 477 3262 negligentior
498 3176 559 3253 fui,
587 3197 625 3240 ex
651 3176 708 3241 illa
730 3178 929 3262 negligentia
956 3179 1002 3242 ita
1024 3179 1080 3242 ali-

129 3266 205 3351 quid
242 3265 390 3349 detraho,
429 3267 467 3329 ut
501 3263 584 3328 nihil
624 3264 791 3330 detraham
831 3287 870 3329 ex
909 3266 1079 3330 hilaritate.

202 3404 222 3475 ¹)
241 3405 352 3459 Terent.
371 3403 491 3471 Adelph.
512 3404 561 3470 III,
580 3407 605 3470 3,
624 3409 666 3458 40.

305 3475 356 3542 Τ11,
376 3475 496 3543 quantus
515 3474 645 3542 quantus,
664 3473 735 3528 nihil
753 3473 806 3528 nisi
824 3471 964 3542 sapientia
981 3487 1019 3525 es.

200 3544 221 3614 ¹)
239 3545 329 3614 Epist.
348 3546 368 3612 I,
389 3551 412 3612 1,
432 3550 457 3597 3.

139 3633 297 3678 1111110800
311 3641 360 3675 eru.
373 3641 398 3674 rr.
853 3636 869 3683 5
