2658 3914
254 245 317 310 180
621 245 704 301 VAR.
724 245 824 302 LEOT.

248 391 358 455 Attius
381 389 415 453 in
437 387 661 476 Philocteta¹),
684 411 778 475 quem
801 389 888 454 Ulixi
916 392 1136 456 blandientem
1161 394 1214 459 in-

248 480 395 562 duxerat,
423 477 463 540 ab
487 498 524 540 eo
552 478 585 540 id
608 479 851 543 commemorari
873 479 963 562 facit,
991 479 1118 546 Ulixem
1142 482 1215 548 for-

248 588 374 631 mosum
396 587 464 629 non
487 586 564 629 esse.

380 689 512 766 Iactato,
529 709 634 772 paroa
650 690 791 771 praedite
811 689 925 770 forma

381 777 514 841 Nomine
536 777 654 854 celebri,
677 778 818 859 claroque
833 783 943 860 potens

273 923 276 931 .
379 865 515 949 Pectore,
537 864 664 930 Aobiois
685 866 833 930 classibus
855 867 969 948 doctor,

381 952 496 1018 Graoie
517 952 695 1018 Dardaniis
713 954 854 1036 peatobas
875 955 966 1034 altor,

380 1041 553 1106 Laertiade.

246 1163 311 1228 Ubi
334 1162 432 1228 etiam
455 1163 533 1227 illud
556 1167 686 1247 notant,
709 1164 794 1248 quod
817 1165 918 1248 patris
931 1185 1050 1229 nomen
1072 1163 1108 1226 in
1130 1165 1209 1228 ulti-

245 1274 335 1316 mum
357 1253 463 1316 locum
489 1252 646 1333 reiecerit,
674 1253 749 1336 quia
777 1253 811 1316 in
840 1253 987 1316 laudibus
1010 1271 1208 1336 magnorum

245 1340 387 1404 virorum
409 1341 607 1421 postremum
629 1339 736 1402 locum
759 1340 886 1422 generis
903 1340 1056 1405 nobilitas
1078 1342 1208 1404 teneat:

249 1448 287 1491 ea
314 1430 421 1490 autem
447 1426 592 1510 posuerit
618 1427 722 1509 primo
749 1428 833 1511 loco,
861 1449 942 1512 quae
968 1428 1070 1511 ipsius
1097 1425 1207 1493 Ulixis

244 1514 375 1600 propria
398 1517 518 1598 essent,
540 1515 575 1578 in
599 1515 713 1598 quibus
736 1514 818 1579 nihil
847 1516 909 1580 sibi
935 1536 1039 1599 neque
1061 1514 1208 1600 Labrtes,

188 1683 190 1686 .
245 1623 348 1688 neque
371 1602 533 1688 Anticlea,
556 1623 659 1687 neque
682 1603 825 1668 Acrisius
848 1603 1032 1668 vindicaret.

591 1864 736 1932 CAPUT
757 1864 855 1931 LXV.

315 1984 505 2041 CICERONIS
523 1985 640 2042 Locus
659 1985 681 2040 Ε
702 1984 889 2042 SOPHOOLE
907 1985 1125 2042 EXPRESSUS.

310 2094 516 2158 Praeclarum
546 2095 722 2177 sapientiae
754 2097 960 2177 praeceptum
992 2098 1054 2176 est,
1085 2094 1206 2162 debere

243 2203 502 2267 unumquemque
524 2186 672 2247 nostrum
685 2182 840 2247 maiorem
858 2203 968 2246 curam
989 2182 1108 2247 habere
1132 2185 1204 2249 eius

242 2271 410 2355 temporis,
434 2270 519 2354 quod
541 2274 617 2354 post
638 2274 774 2335 mortem
795 2273 942 2334 nostram
955 2274 1205 2338 consecuturum

242 2363 306 2438 est,
330 2380 427 2443 quam
453 2358 558 2422 brevis
584 2357 670 2421 illius
694 2360 727 2420 et
749 2358 869 2442 exigui,
895 2380 958 2442 quo
986 2358 1021 2422 in
1050 2359 1110 2424 hac
1133 2361 1205 2426 vita

243 2468 362 2510 sumus.
407 2444 520 2527 Itaque
544 2445 684 2528 graviter
697 2448 730 2509 et
749 2446 917 2530 magnifice
931 2443 1041 2511 (licere
1064 2447 1100 2510 in
1123 2469 1204 2532 qua·

242 2535 318 2597 dam
341 2532 382 2596 ad
404 2530 549 2596 Atticum
577 2529 760 2619 epistola²):
792 2534 946 2617 Loapam
973 2533 1093 2618 inquit,
1120 2537 1207 2602 illud

243 2627 372 2701 tempas,
403 2640 473 2684 earo
503 2640 566 2684 aaa
596 2640 660 2699 ero,
687 2623 786 2703 raapis
812 2642 860 2686 aaa
886 2627 995 2700 movet,
1025 2643 1120 2704 qaam
1145 2623 1205 2690 boo

240 2710 395 2791 abacia.
439 2705 525 2772 Nam
548 2707 634 2792 quod
655 2709 702 2772 ita
725 2709 851 2773 loeutus
874 2713 937 2792 est,
964 2730 1034 2774 caro
1055 2731 1118 2775 aori
1140 2732 1202 2792 ero,

242 2797 278 2862 in
305 2817 342 2862 eo
370 2799 498 2862 secutus
525 2800 575 2862 est
603 2797 866 2862 consuetudinem
892 2798 995 2882 vulgi:
1018 2820 1086 2862 non
1113 2801 1203 2883 quod

241 2907 308 2970 eos,
331 2885 386 2969 qui
409 2907 447 2948 ex
472 2886 535 2950 hac
556 2885 624 2949 vita
645 2885 852 2970 migrassent,
878 2906 946 2950 non
969 2886 1106 2968 amplius
1130 2907 1203 2953 esse

243 2974 438 3058 opinaretur.
475 2972 675 3058 Quamquam
689 2978 797 3038 autem
818 2972 899 3037 haee
912 2974 1073 3038 sententia
1086 2980 1203 3058 suapte

243 3066 360 3146 sponte
382 3063 418 3125 in
440 3065 581 3126 mentem
604 3062 634 3126 ei
656 3062 764 3126 venire
791 3061 885 3125 facile
907 3062 1062 3144 potuerit,
1089 3067 1204 3128 tamen

243 3150 336 3214 facile
369 3149 521 3232 adducor,
553 3153 590 3212 ut
623 3149 788 3214 hominem
819 3149 1069 3213 eruditissimum
1101 3154 1134 3214 et
1166 3153 1204 3217 in

244 3235 438 3301 Gaaecorum
460 3239 628 3319 pobtarum
640 3237 777 3302 lectione
792 3237 1091 3302 exercitatissimum
1113 3241 1203 3323 cogi·
1302 3275 1303 3304 r

243 3327 330 3388 tasse
353 3325 465 3405 putem
479 3322 602 3387 deloco
617 3321 793 3406 Sophoclis,
816 3325 901 3408 apud
916 3347 1011 3409 quem
1025 3324 1205 3413 Antigone,
1302 3421 1303 3436 χ

317 3495 338 3634 l
356 3492 603 3618 irrereb-
