2658 3914
287 218 350 282 110
601 221 780 278 EPISTOLA
797 222 920 278 LXXIX.

284 361 365 426 mihi
397 363 567 448 diligenter
597 364 754 431 Ioannem
784 365 970 432 Dallianum
1004 371 1166 454 nostrum,
1199 373 1242 436 ad
1320 359 1321 396 l

286 471 380 537 quem
404 451 541 516 scribam
564 474 649 536 eras3
671 475 748 518 nam
769 455 913 520 nondum
935 457 1072 521 multum
1100 479 1165 524 uno
1189 460 1242 524 die
1320 467 1321 544 l

286 539 423 602 scribere
455 539 570 604 audeo:
602 541 662 605 tibi
694 546 815 625 autem,
852 544 906 628 qui
937 545 1026 627 prior
1057 545 1241 632 scripseras,
1320 569 1321 610 l

284 626 587 778 pripsprpsponderi
620 649 759 714 aequum
790 631 860 696 fuit.
915 631 1005 698 Vale.
1037 631 1122 698 Prid.
1153 633 1241 700 Non.
1320 699 1321 736 ,

315 735 354 778 c.
404 735 520 782 aavrc.

681 841 841 853 Ἣ

689 943 833 1010 LXXIX.

478 1069 527 1142 M.
554 1070 798 1144 ANTONIUS
824 1069 1048 1146 MURETUS

333 1203 553 1260 HIERONYMO
572 1204 700 1262 ZOPPIO
719 1205 945 1262 BONONIENSI
962 1205 1193 1265 PHILOSOPHO

729 1312 750 1353 s,
764 1313 792 1354 Ι).

352 1415 564 1502 Tragoediam
582 1417 648 1482 sive
671 1418 712 1483 ab
736 1418 934 1486 auditoribus
956 1421 1035 1504 tuis,
1057 1424 1095 1485 ut
1116 1422 1240 1501 scribis,

285 1504 360 1589 sive,
382 1508 420 1570 ut
441 1505 520 1570 mihi
534 1505 736 1572 verisimilius
758 1506 810 1590 fit,
834 1511 903 1572 ate
925 1508 996 1591 ipso
1024 1510 1241 1593 conscriptam

284 1615 352 1658 non
374 1596 502 1658 tantum
525 1615 598 1658 cum
611 1595 784 1678 voluptate,
808 1595 863 1660 sed
886 1597 984 1662 etiam
1007 1618 1080 1660 cum
1103 1597 1240 1662 admira-

284 1681 373 1747 tione
395 1682 531 1766 perlegi:
554 1682 694 1748 itamihi
716 1683 785 1748 visa
808 1686 858 1748 est
878 1684 975 1770 longe
996 1707 1093 1768 supra
1107 1706 1240 1750 consue-

285 1769 429 1834 tudinem
460 1770 556 1836 huius
588 1771 717 1854 aetatis,
749 1775 864 1836 ornata
890 1773 1000 1837 multis
1027 1776 1060 1836 et
1087 1774 1240 1858 gravibus

286 1858 454 1922 sententiis
482 1861 515 1922 et
541 1859 729 1941 tempestive
752 1860 901 1943 prolatis,
928 1864 961 1924 et
989 1861 1105 1944 grandi
1127 1883 1164 1925 ac
1187 1883 1240 1925 su-

285 1945 377 2009 blimi
398 1943 569 2011 uerborum
583 1965 700 2029 genera
722 1947 920 2012 illuminatis.
956 1947 1025 2012 Iam
1040 1949 1125 2032 quod
1147 1949 1240 2014 fabu-

285 2033 351 2097 lam
377 2033 482 2117 ipsam
509 2034 621 2098 leviter
647 2035 825 2100 immutasti
856 2036 1027 2120 paulloque
1055 2037 1147 2100 aliter
1173 2042 1240 2101 tra·

286 2121 394 2204 ctasti,
422 2143 519 2207 quam
546 2144 566 2186 a
592 2123 751 2187 veteribus
779 2123 898 2187 tradita
926 2127 987 2204 est,
1016 2124 1136 2187 factum
1164 2129 1240 2189 ate

285 2210 533 2293 prudentissime
556 2213 590 2274 et
618 2232 743 2274 summo
766 2210 899 2274 artificio
922 2211 1035 2274 iudico,
1090 2209 1176 2274 Nam
1206 2216 1241 2277 et

286 2301 408 2362 veteres
430 2299 518 2382 ipsos
542 2297 609 2360 eius
631 2297 678 2360 rei
692 2299 836 2360 auctores
849 2296 958 2379 habes,
981 2299 1014 2360 et
1035 2317 1102 2361 non
1118 2317 1240 2382 magna

285 2385 463 2449 mutatione
489 2403 656 2468 personas,
686 2383 795 2468 quales
826 2383 1017 2448 Aristoteles
1045 2383 1085 2448 ad
1111 2387 1239 2470 tragoe-

286 2473 372 2536 diam
403 2474 495 2554 aptas
528 2490 597 2536 esse
632 2471 713 2553 vult,
748 2470 922 2537 reddidisti.
981 2472 1098 2537 Totum
1130 2477 1239 2540 autem

285 2579 401 2643 poema
428 2558 493 2623 olet
519 2556 740 2641 Academiam,
772 2559 837 2623 olet
863 2559 1015 2644 Lyceum,
1048 2562 1114 2627 olet
1134 2562 1238 2645 philo-

286 2645 446 2729 sophiam,
477 2667 544 2710 non
570 2645 659 2709 illam
686 2646 850 2711 horridam
882 2652 915 2712 et
940 2649 1095 2714 incultam
1123 2652 1156 2714 et
1182 2654 1240 2715 aut

286 2734 447 2819 elinguem
469 2737 526 2798 aut
547 2734 644 2798 stulte
667 2735 856 2818 clamosam,
882 2757 963 2821 quae
990 2737 1085 2802 hodie
1113 2738 1238 2802 scholas

285 2843 385 2907 prope
413 2843 524 2887 omnes
552 2823 731 2906 occupavit,
763 2823 819 2887 sed
849 2827 1009 2890 vetustam
1035 2825 1124 2890 illam
1153 2826 1238 2890 Atti-

286 2933 369 2995 cam,
399 2913 547 2976 ornatam
575 2911 788 2995 ingenuarum
817 2912 935 2978 artium
965 2913 1068 2979 multo
1100 2914 1237 2997 splendi-

286 3001 390 3085 doque
413 3000 575 3066 comitatu.
620 2997 733 3084 Neque
756 2998 867 3065 dubito
889 3001 972 3086 fore,
998 3005 1035 3066 ut
1058 3004 1114 3066 aut
1136 3002 1237 3066 omni-

286 3089 346 3154 bus
364 3089 498 3172 placeat,
521 3091 577 3152 aut
598 3088 639 3152 iis
656 3091 784 3152 tantum
797 3088 972 3172 displiceat,
995 3089 1110 3173 quibus
1129 3088 1237 3170 displi-

287 3197 356 3240 cere
387 3177 458 3241 laus
490 3179 548 3240 est.
601 3174 652 3240 Ne
684 3197 735 3239 me
763 3179 874 3240 tamen
902 3177 981 3240 haec
1012 3175 1141 3238 auribus
1173 3177 1238 3242 tuis

285 3262 426 3327 tribuere
453 3263 553 3343 dicas,
579 3262 728 3326 indicabo
756 3263 867 3344 etiam,
895 3283 975 3346 quae
1002 3283 1070 3326 non
1095 3263 1238 3347 probem,

285 3354 323 3414 ut
344 3353 437 3414 tanto
450 3348 555 3432 magis
578 3349 749 3432 intelligas,
762 3349 843 3412 mihi
856 3352 963 3412 cetera
975 3350 1113 3433 probari.
1146 3350 1238 3427 Quod
1320 3349 1321 3352 '

285 3438 386 3522 igitur
406 3437 441 3502 in
463 3436 598 3520 prologo
622 3455 746 3518 omnes,
770 3435 885 3519 quibus
908 3437 1052 3519 probitas
1076 3460 1113 3503 aa
1134 3440 1238 3523 pietas

286 3525 374 3590 cordi
397 3529 454 3608 est,
476 3525 627 3588 iubentur
648 3523 743 3606 exire,
765 3526 802 3587 ut
824 3523 988 3590 iitantum
1012 3530 1165 3614 spectent,
1184 3529 1238 3613 qui
