2658 3914
508 245 627 300 CAPUT
646 243 716 300 LHL
1024 242 1086 307 189

131 393 367 474 agnosceretur.
411 387 451 452 In
466 411 503 453 eo
518 393 624 453 autem
639 389 686 452 ita
708 389 804 472 plane
826 387 980 470 scriptum
1002 388 1087 472 lege-

131 478 240 542 batur:
274 478 360 542 Nom
386 477 544 559 phoenicis
573 477 726 541 cerebrum
757 497 826 540 cmm
854 478 897 541 sit
923 477 1088 540 admodum

131 566 228 644 oum,
262 570 364 630 tomm
394 567 487 630 aiom
515 567 625 647 capitis
651 565 785 630 dolorem
810 583 930 646 parem.
981 563 1087 628 Homo

131 653 239 738 igitur,
262 654 317 738 qui
340 674 410 717 eam
424 675 521 716 unam
541 655 583 718 ob
606 675 753 717 caussam
775 653 916 716 venisset
937 654 1033 735 atque
1055 651 1088 714 id

131 763 231 805 unum
269 741 373 824 operis
405 741 586 824 habuisset,
622 763 695 805 cum
728 741 827 825 dicto,
856 740 909 804 vix
941 740 1088 803 salutatis

131 829 240 910 nobis,
268 831 433 893 caussatus
462 830 524 893 sibi
546 828 655 893 nescio
679 828 755 912 quid
782 828 906 912 negotii
930 849 998 892 esse
1026 828 1087 891 dis·

133 917 238 982 cessit.
292 916 342 981 Eo
374 917 517 1001 digresso
552 917 656 981 visum
691 919 741 980 est
773 916 826 999 iis,
861 914 916 1000 qui
947 915 1088 999 aderant,

132 1005 231 1068 etiam
245 1003 403 1088 Xylandri
416 1005 715 1089 interpretationem
728 1004 894 1087 inspicere.
925 1002 958 1067 Is
982 1006 1089 1067 autem

132 1091 180 1157 ita
202 1092 307 1156 locum
329 1092 418 1155 illurn
442 1092 635 1156 reddiderat:
659 1092 820 1157 Cerobrmm
833 1091 991 1174 phoenicis
1005 1092 1090 1156 dulce

131 1180 299 1244 admodum
312 1184 366 1257 ost,
388 1181 441 1244 sed
461 1181 578 1245 dolores
591 1181 702 1262 eapitis
714 1182 855 1245 mdmerc
865 1179 974 1260 fertur.
1006 1178 1089 1243 Tum

133 1287 207 1352 ego,
233 1265 321 1351 Una,
347 1267 492 1352 inquam,
519 1267 640 1332 Graeca
661 1290 724 1333 uox
750 1269 847 1352 paulo
873 1267 1089 1351 negligentius

133 1376 295 1439 expressa,
330 1356 448 1439 videte,
480 1359 636 1441 quantum
668 1377 807 1422 errorem
841 1359 875 1421 et
910 1356 1011 1420 sodali
1042 1357 1090 1420 illi

132 1446 258 1525 nostro,
286 1443 341 1526 qui
368 1444 463 1508 modo
491 1445 649 1527 discessit,
678 1448 712 1509 et
738 1445 875 1509 fortasse
898 1444 996 1508 etiam
1018 1444 1089 1508 aliis

134 1530 295 1594 obiecerit.
352 1530 469 1607 Φοίνιξ
503 1533 588 1595 enim
616 1531 735 1597 Graece
766 1533 875 1615 palma
906 1535 968 1613 est,
1001 1532 1090 1595 cuius

133 1616 258 1681 arboris
289 1636 357 1679 non
387 1619 515 1680 tantum
541 1619 663 1681 fruetus
692 1619 762 1682 esui
788 1621 877 1700 sunt,
910 1618 966 1681 sed
993 1618 1091 1682 etiam

133 1704 287 1787 medulla,
310 1724 408 1787 quam
431 1708 463 1767 et
485 1703 598 1767 Graeci
620 1703 815 1787 ἐγκέφαλον,
838 1709 870 1768 et
883 1704 992 1768 Latini
1014 1726 1090 1770 core·

134 1794 224 1858 brom
250 1794 375 1856 vocant.
429 1790 478 1855 De
509 1792 565 1855 illa
593 1795 699 1855 autem
726 1793 868 1876 loquitur
889 1791 1090 1876 PlutarchuS,

134 1902 201 1945 non
225 1880 263 1943 de
282 1878 449 1963 phoenicis
464 1879 703 1944 commenticias
726 1881 794 1944 avis
817 1881 955 1946 cerebro.
988 1881 1090 1945 Theo·
1163 1949 1172 1970 ι

134 1968 247 2052 phrast
247 1990 285 2031 us
312 1967 395 2032 libro
423 1967 562 2032 secundo
589 1965 663 2051 περὶ
690 1965 848 2076 potuim),
874 1969 931 2033 ubi
958 1968 996 2033 de
1023 1970 1090 2053 pal-

135 2077 261 2120 marum
288 2056 458 2139 generibus
485 2055 567 2140 agit:
594 2054 649 2120 md
676 2052 741 2164 γὰρ
753 2055 999 2164 ἐξαιρεθέντος
1029 2057 1090 2122 τοῦ

135 2139 321 2225 ἐγκεφάλου
344 2143 436 2224 ζῶσι,
458 2167 513 2208 και
503 2138 721 2219 noacvag'
703 2140 766 2208 απὸ
781 2145 849 2209 τῶν
872 2143 970 2229 ῥιζῶν
987 2165 1090 2228 παρα-

136 2228 369 2312 βλαστάνουσι.
412 2229 584 2316 Plinius²):
612 2231 695 2298 Smmt
682 2237 743 2296 to
764 2233 893 2296 coedmae
909 2233 1091 2332 polmmmm

135 2339 250 2400 ortoque
270 2320 377 2396 siloae,
401 2321 607 2402 carminantes
628 2340 738 2385 mmm
760 2320 799 2384 ob
826 2321 930 2384 radice
950 2321 1090 2404 amatae.

136 2404 249 2470 Dulcis
274 2368 408 2472 medoilo
433 2427 540 2472 eorum
568 2409 604 2472 m
634 2408 803 2485 cummim,
832 2408 914 2489 qood
938 2407 1091 2472 cerebrum

136 2493 309 2575 appeltam:
331 2501 523 2577 exemptoque
544 2497 766 2581 violontorum
785 2515 848 2560 mom
862 2496 951 2560 otim.
978 2494 1089 2559 Memi-

136 2581 186 2644 nit
213 2583 246 2646 et
231 2578 405 2648 tGalenus
433 2583 591 2648 librot
539 2587 591 2648 oct
592 2606 651 2648 aro
680 2584 718 2648 de
740 2584 946 2649 facultatibus
970 2583 1090 2666 simpli·

136 2669 234 2732 cium
243 2669 558 2754 medicamentorum,
581 2672 698 2735 etalii.
736 2670 828 2747 Quod
851 2671 1091 2736 autemhictart

135 2754 211 2819 Plut
197 2758 338 2842 tarchus,
367 2779 383 2824 e
412 2759 627 2842 Xenophonte
653 2759 801 2824 videlicet
828 2760 976 2841 sumpsit,
1006 2759 1091 2843 apud

134 2863 231 2928 quem
253 2845 286 2908 id
308 2848 445 2911 relatum
468 2851 517 2912 est
539 2847 621 2912 libro
646 2847 784 2912 secundo
807 2844 1037 2932 Anabaseos3).

208 3032 421 3102 ¹..)o.

273 3106 317 3159 lt.

207 3050 306 3243 ᾒέίδ
284 3104 411 3245 W?
397 3106 603 3165 Hssdw.
