2658 3914
539 238 658 294 CAPUT
677 239 711 295 V.
1044 237 1107 301 125

150 382 335 471 Virgili01),
362 404 451 450 cosas
478 383 657 449 Cassandro
682 382 824 448 mactat:
851 381 887 446 in
914 378 1106 466 Terenti02),

150 477 278 552 tauma,
302 477 367 538 tam
388 472 601 554 improvisam,
630 473 663 536 et
688 471 817 536 musitio
843 472 984 552 consequi
1009 471 1106 534 coasi-

150 561 255 624 mo'lio:
284 560 319 625 in
347 559 513 642 Cicerone,
544 564 649 624 statuo
675 564 730 624 tuo
754 555 902 644 sabaa),
930 561 963 622 et
990 559 1107 622 causac

150 645 274 732 vaae),
301 651 334 712 et
360 648 396 713 in
422 645 606 733 Coeliana5)
637 667 776 730 anquam
801 667 991 729 percoquam,
1025 646 1106 710 eius·

151 735 287 818 demque
310 736 397 800 modi
420 736 483 800 alia
504 737 541 799 in
564 735 634 799 aliis
648 735 770 818 primae
793 735 903 799 classis
923 734 1105 799 auctoribus

150 825 314 887 notantur.
356 822 420 888 sed
442 824 529 888 enim
552 844 634 907 quae
657 822 720 886 duo
743 823 811 886 eius
834 823 881 886 rei
903 822 1049 904 exempla
1071 822 1106 886 in

151 909 276 974 duobus
309 911 439 993 optimis
472 933 508 976 ac
540 909 826 993 praestantissimis
857 910 961 991 politis
993 909 1105 993 reperi,

152 1018 190 1060 ea
213 1031 255 1044 —·
284 997 332 1062 ita
358 997 500 1080 insignia
525 999 595 1062 visa
627 999 703 1060 sunt
729 995 857 1060 —hoc
887 996 957 1060 loco
989 1017 1105 1078 propo-

150 1084 258 1148 nenda
279 1104 350 1148 esse
373 1084 457 1149 duxi.
492 1083 615 1148 Eorum
637 1105 738 1147 unum
750 1082 914 1165 Euripidis
938 1087 1001 1147 est:
1021 1083 1105 1165 apud

152 1191 246 1256 quem
273 1171 400 1256 Medea,
432 1193 505 1236 cum
535 1171 645 1236 Iasoni
672 1171 892 1254 exprobraret,
923 1171 1015 1236 illum
1047 1192 1105 1235 sua

150 1281 250 1344 opera
272 1263 433 1325 servatum
457 1279 540 1343 esse,
562 1259 610 1323 ita
630 1256 819 1344 loquitrn⁶):

272 1368 408 1438 Ἔσωσά
431 1367 475 1455 σ’,
498 1367 524 1438 ὠ
549 1377 661 1437 ἴσασιν
679 1366 848 1455 Ἑλλήνων
871 1367 945 1438 ὅσοι

287 1455 419 1526 Ταύτὸν
441 1458 679 1544 συνειςέβησαν
698 1454 845 1546 Ἀργῶον
868 1457 1003 1545 σκάφος.

151 1575 295 1652 Quorum
326 1595 475 1640 versuum
511 1574 547 1640 in
578 1575 684 1658 priore
721 1575 833 1639 crebra
863 1575 920 1638 illa
955 1575 1103 1658 repetitio

150 1664 276 1728 litterae
300 1678 321 1726 σ
341 1663 448 1727 locum
471 1663 568 1726 etiam
592 1661 720 1726 comicis
747 1661 826 1726 iocis
849 1683 887 1726 ac
909 1663 1028 1727 salibus
1052 1663 1103 1727 de-

151 1751 211 1815 dit:
240 1751 398 1835 siquidem
424 1750 517 1815 Plato
546 1750 685 1814 comicus
714 1753 746 1814 et
771 1749 932 1831 Eubulus,
962 1750 1103 1815 eiusdem

150 1839 248 1903 homo
271 1839 405 1922 artificii,
426 1837 615 1922 Euripidem
637 1859 675 1902 ea
698 1837 737 1900 de
755 1859 869 1902 caussa
891 1837 1103 1904 urbanissime

150 1927 295 2010 tetigisse
322 1927 503 1992 traduntur.
547 1925 695 1991 Alterum
723 1923 889 2008 Sophoclis
916 1930 950 1989 et
976 1927 1104 2010 quidem

150 2035 190 2078 ea
216 2015 251 2077 in
277 2014 400 2097 fabula,
432 2035 513 2097 quae
541 2015 631 2098 quasi
662 2033 799 2098 regnum
830 2013 993 2096 possidere
1019 2015 1105 2080 inter

150 2101 334 2202 tragoedias
350 2101 481 2202 dicitur.
525 2101 581 2202 Ibi¹
604 2102 690 2166 enim
713 2099 853 2202 Oedipus
881 2123 953 2166 cum
981 2102 1104 2166 Tiresia

150 2192 703 2452 tbttttpddtddbtuhffi
726 2191 1105 2361 llllallgllllttt

150 2388 267 2431 mcess1
319 2390 327 2430 :

199 2475 332 2562 Τυφλὸς
353 2476 394 2543 roi
416 2473 444 2542 τ’
466 2467 545 2560 ὦτα,
567 2475 629 2544 τόν
650 2501 686 2542 τε
699 2479 796 2561 νοῦν,
817 2474 859 2543 τά
880 2473 910 2543 τ’
927 2473 1041 2563 ὄμματ’
1067 2475 1105 2546 εἶ.

151 2589 217 2656 Ubi
251 2614 323 2656 cum
360 2593 486 2675 saepius
529 2593 627 2656 etiam
662 2593 870 2658 inculcaverit
904 2593 1045 2658 litteram
1075 2618 1104 2675 τ,

152 2701 248 2764 quam
275 2680 330 2744 ille
358 2681 440 2744 alter
465 2679 605 2744 litteram
629 2695 660 2761 σ,
686 2683 796 2744 tamen
822 2680 993 2764 Euripides
1021 2681 1104 2746 dica-

151 2768 237 2832 cium
269 2768 396 2833 aculeos
433 2771 581 2850 expertus
613 2769 675 2832 est:
712 2765 885 2850 Sophocles
918 2791 937 2832 a
968 2770 1105 2853 nemine,

225 2922 246 3061 :t
263 2923 518 3060 dreibsfddedrblbm
531 2990 624 3044 verbis
641 2989 684 3044 ita
696 2989 807 3058 iunctis,
826 2994 932 3044 tontum
946 2996 1003 3045 tom
1015 2992 1106 3059 impr„

151 3079 300 3132 nusquam,
319 3063 401 3131 puto,
420 3063 511 3116 exstat
525 3060 601 3130 apud
619 3059 788 3140 Terentium.
817 3059 889 3114 Sunt
906 3061 1001 3114 autem
1019 3061 1106 3116 simil-

150 3133 312 3259 liprrghppud
330 3131 400 3188 alios
414 3132 527 3202 passim.
551 3131 692 3184 Posteuus
707 3131 750 3185 est
764 3145 797 3184 ex
810 3129 961 3187 Heautont.
980 3131 1002 3203 Ι,
1022 3137 1047 3202 2,
1062 3137 1105 3187 35.

223 3275 234 3306 8

222 3279 244 3447 :l
262 3273 588 3414 ditrgaivipibnnea.
607 3341 654 3397 m.
673 3348 698 3412 4,
717 3349 757 3401 n.

234 3557 243 3622 )
264 3553 332 3613 Oed.
350 3556 415 3625 Tyr.
434 3575 460 3613 v.
480 3563 540 3612 3‘11.
