2658 3914
495 212 614 268 CAPUT
631 213 679 268 III.

473 441 618 510 CAPUT
640 443 699 509 III.

105 560 260 617 HORATII
277 561 404 631 LOCUS,
427 560 489 629 QUI
514 564 651 619 MULTIS
670 565 710 620 IN
728 563 846 620 LIBRIS
865 561 1059 620 GORRUPTE

371 650 542 722 LEGI'I'UR,
561 651 798 709 EXPLICATUS.

175 774 296 847 Versus
318 777 353 841 hi
376 780 452 842 sunt
474 798 491 842 e
514 778 653 844 seeundo
677 777 820 845 Oderum
841 777 971 844 Horatii
986 775 1027 864 ¹):

273 901 358 964 Vivet
378 905 494 966 retento
517 899 697 966 Proculeius
718 922 798 980 aeuo,

268 989 370 1054 Notus
391 989 562 1069 infrenes
585 991 686 1054 animi
702 995 835 1070 potem.

268 1074 368 1140 Illum
390 1081 458 1159 ooet
472 1095 580 1158 penno
601 1081 748 1141 memento
769 1076 846 1142 sotei

501 1164 607 1228 Fauno
627 1169 783 1246 somerstes.

108 1285 252 1362 Quorum
285 1286 339 1370 qui
371 1285 516 1368 proxime
551 1287 701 1352 ultimum
737 1286 910 1370 antecedit,
945 1285 992 1350 ite
1026 1285 1063 1350 in

108 1374 219 1440 multis
242 1374 333 1441 libris
355 1374 487 1458 legitur:

267 1493 367 1562 Ittmu
388 1501 458 1580 oqet
471 1479 686 1580 pennehond
705 1502 852 1564 metuente
873 1498 957 1563 sotoe'.

109 1617 248 1684 Constet
274 1623 382 1684 eutem
408 1619 456 1684 ite
486 1622 664 1684 correctum
691 1640 761 1684 esse
789 1620 829 1684 ab
858 1619 978 1702 aliquo,
1007 1616 1063 1700 qui

108 1708 304 1771 sententiam
328 1708 456 1793 quidem
478 1707 609 1790 videret,
636 1706 692 1771 sed
714 1707 779 1771 vim
802 1707 973 1771 verborum
995 1725 1063 1768 non

111 1795 190 1859 setis
221 1797 415 1879 perspiceret
445 1797 636 1880 putaretque
667 1795 715 1860 ita
745 1795 859 1859 melius
893 1791 1062 1858 aeternite-

110 1886 177 1946 tem
208 1882 316 1947 famae
348 1883 565 1968 significatum
596 1883 645 1968 iri,
678 1883 705 1948 si
736 1883 895 1967 particule
925 1882 982 1945 illa
1007 1900 1062 1943 ne·

111 1970 210 2054 gandi
237 1971 302 2034 vim
330 1973 452 2036 habens
481 1971 662 2036 adderetur:
695 1971 815 2055 alioqui
841 1971 919 2053 fore,
948 1973 985 2033 ut
1006 1989 1063 2051 pa·

112 2078 185 2121 rum
215 2057 376 2123 firmitatis
405 2061 526 2125 inesset
557 2079 595 2123 ea
625 2059 661 2122 in
691 2059 789 2142 fame,
820 2059 909 2123 ouius
938 2077 1063 2142 pennae

4 2211 6 2216 .
113 2145 306 2210 solutionem
329 2151 469 2212 metuere
484 2148 671 2212 dicerentur.
707 2146 858 2211 Firmitus
877 2147 962 2210 enim
984 2143 1063 2208 fidu·

112 2233 208 2317 oiem,
240 2234 410 2300 infirmitas
441 2239 563 2300 metum
594 2235 688 2319 perit.
745 2233 791 2298 At
821 2235 888 2317 ille,
920 2231 1064 2320 quisquis

113 2321 183 2405 fuit,
205 2322 296 2386 inani
319 2327 352 2387 et
373 2323 487 2389 frivolo
511 2328 701 2410 argumento
725 2322 853 2388 delusus
877 2325 934 2386 est.
978 2320 1065 2386 Nem

112 2411 202 2494 quie,
225 2433 307 2495 quae
325 2412 511 2496 metuimus,
533 2413 709 2497 refugimus
732 2409 981 2496 longissimeque
1003 2432 1064 2475 nos

111 2498 155 2563 ub
187 2497 227 2561 iis
263 2498 464 2580 ebdueimus,
498 2500 632 2584 foetum,
667 2503 704 2564 ut
738 2499 893 2564 Horatius
928 2519 1066 2581 pennum

112 2589 291 2650 metuentem
322 2586 399 2650 sotei
427 2586 543 2650 dixerit
568 2609 652 2671 eam,
683 2608 764 2671 quae
794 2609 920 2671 semper
945 2588 1065 2672 longis-

114 2673 194 2738 sime
217 2673 258 2737 eb
282 2673 371 2739 omni
394 2673 552 2738 solutione
574 2675 724 2740 abfuturo
746 2677 839 2740 esset.
873 2674 936 2740 Est
958 2679 1066 2741 autem

14 2847 17 2856 Ι
113 2761 218 2826 simile
240 2761 320 2826 illud
341 2758 516 2847 virgilie),

247 2885 358 2950 Aretes
381 2884 495 2951 Omont
515 2891 677 2952 mouentes
698 2905 826 2967 oeqomre
848 2885 933 2968 tinet.

116 3004 201 3070 Nem
232 3010 270 3071 ut
299 3013 459 3090 metuentes
490 3009 569 3090 ttuqi
599 3007 681 3071 dixit
710 3007 751 3088 is,
789 3027 870 3089 quae
901 3025 1067 3088 nunquam

116 3095 331 3180 tingerentur:
358 3098 406 3162 ita
431 3096 485 3160 hie
506 3114 644 3178 pennam
670 3097 848 3157 metuentem
868 3093 958 3176 sotei,
986 3113 1067 3176 quae

116 3204 281 3267 nunquam
309 3187 492 3250 solveretur.
546 3182 618 3248 Hoe
650 3202 688 3245 eo
720 3179 872 3244 libentius
905 3180 1068 3264 annotavi,

115 3270 201 3354 quod
223 3275 260 3336 ut
283 3271 346 3337 elia
368 3273 471 3337 multe
494 3271 541 3336 ite
562 3270 624 3336 hoo
638 3290 765 3355 quoque
788 3267 939 3333 mendum
961 3268 1067 3332 ineos

189 3461 209 3532 ¹)
227 3462 317 3518 Germ.
336 3469 361 3518 2.
381 3468 405 3517 ὁ.
424 3479 458 3516 es.

188 3532 209 3602 ¹)
228 3533 329 3604 Georg.
348 3534 369 3588 1.
389 3537 448 3586 246.
