2658 3914
446 241 564 299 OAPU'I'
583 243 704 298 LXVIII.
989 240 1053 303 221

97 390 245 474 ponitur:
270 388 348 471 quin
371 387 479 470 potius
500 387 525 450 ii
547 408 658 451 omnes
681 387 728 450 ita
748 387 933 470 loquuntur,
955 389 991 450 ut
1014 386 1054 449 ab

94 497 135 542 eo
165 479 333 559 acceptum
359 475 458 538 fuisse
485 474 664 557 praemium
691 474 880 558 significent.
935 471 1055 538 Seneca

96 568 222 646 tamen,
252 563 332 626 alios
359 561 506 626 videlicet
534 566 680 626 auctores
703 565 845 645 secutus,
868 561 960 626 aliter
982 583 1054 625 nar·

96 653 162 715 rat:
196 649 286 714 cuius
315 649 414 712 verba
440 648 607 713 subiiciam
635 671 652 712 e
680 649 786 732 capite
816 649 952 733 septimo
981 649 1055 712 libri

98 737 230 822 septimi
263 735 302 800 de
333 735 517 800 Beneficiis:
548 736 650 800 Illum
680 737 812 801 alterum
836 738 1056 818 possessionem

96 829 254 907 apaosoct:
286 823 366 888 hauc
391 824 473 888 uolet
498 823 618 901 meere,
650 825 706 888 eut
727 825 856 904 poteria
889 826 1057 906 autttetque

96 913 189 978 illam
210 931 322 989 uocem,
350 931 444 993 qaam
470 910 632 975 Romoam
658 912 826 992 Imperator
848 914 959 989 emisa,
988 932 1057 976 arm
1111 912 1113 918 '

96 1001 149 1064 illi
170 999 207 1065 ob
233 1000 378 1063 uirtutem
404 1003 433 1062 et
458 999 529 1062 bene
547 1003 664 1080 pesum
690 999 908 1079 rempublicam
936 1004 1057 1063 tantum

97 1088 170 1170 apri
195 1088 413 1164 doceamur,
439 1090 590 1166 quautam
615 1085 736 1150 mando
762 1105 824 1150 auo
850 1087 901 1150 die
929 1089 1057 1151 armare

92 1180 209 1258 posset:
238 1174 311 1239 Non
338 1178 393 1251 est,
415 1174 529 1254 iuquit,
556 1173 640 1237 vobis
661 1193 694 1238 eo
716 1193 792 1255 opus
814 1174 888 1252 cive,
916 1175 966 1238 cui
982 1175 1057 1256 ptus

97 1282 175 1345 opta
201 1263 255 1339 sit,
281 1281 376 1342 quam
404 1263 462 1325 croi
488 1261 555 1324 otei.
604 1259 694 1324 Haec
717 1258 851 1325 Seneca:
879 1262 934 1346 qui
958 1284 1056 1345 quan-

99 1371 198 1434 quam
221 1347 377 1414 Coclitem
394 1369 462 1412 non
478 1351 626 1412 nominat
649 1352 682 1412 et
704 1370 790 1433 oum,
812 1349 851 1413 de
875 1371 938 1433 quo
956 1351 1056 1434 loqui-

98 1441 162 1522 tur,
188 1437 273 1521 quod
295 1436 330 1500 in
344 1433 467 1502 Coclite
489 1436 607 1500 mirum
621 1436 721 1500 videri
737 1439 853 1520 potest,
875 1437 1057 1502 Romanum

99 1526 327 1609 imperatorem
345 1526 447 1607 vocat,
471 1522 613 1588 Coclitem
634 1526 745 1587 tamen
771 1525 949 1608 intelligere
972 1524 1056 1588 vide-

99 1617 162 1677 tur.
214 1610 277 1676 Sed
304 1611 398 1674 etin
425 1613 568 1674 veterum
595 1607 718 1673 Galliae
744 1630 857 1694 regum
886 1611 1056 1676 annalibus
1149 1667 1153 1683 .

100 1700 232 1784 egregia
254 1699 340 1764 facta
361 1697 544 1782 perexiguis
569 1697 645 1761 olim
667 1697 818 1780 praemiis
841 1697 991 1763 decorata
1013 1700 1056 1763 Ie-

100 1789 221 1873 gimus:
249 1807 316 1851 non
344 1785 430 1870 quod
458 1784 591 1849 minoris
616 1785 709 1848 fieret
739 1783 855 1868 virtus',
885 1787 941 1850 sed
972 1787 1058 1869 quod

100 1874 259 1940 avidiores
288 1877 366 1938 tuno
392 1872 540 1937 homines
568 1873 701 1957 gloriae,
728 1872 835 1937 minus
858 1874 942 1938 avidi
963 1896 1057 1958 pecu·

99 1964 175 2027 niae
197 1962 318 2044 forent,
341 1961 538 2045 gloriamque
553 1981 644 2024 suam
662 1961 874 2025 contaminari
897 1983 934 2024 ao
956 1963 1058 2045 pollui

101 2050 282 2133 crederent,
310 2049 338 2112 si
366 2048 451 2132 quod
474 2048 560 2112 aliud
586 2048 764 2131 praemium
792 2049 973 2132 acciperent
994 2051 1058 2114 nisi

100 2143 170 2202 tam
192 2138 271 2221 leve,
293 2139 330 2200 ut
352 2138 530 2220 appareret,
551 2156 605 2199 eos
628 2156 695 2199 non
717 2135 750 2200 id
779 2137 961 2220 quaesiisse.
1007 2136 1058 2202 Sic

101 2225 247 2310 antiquis
273 2223 474 2308 temporibus
495 2223 631 2287 victores
660 2244 822 2288 sacrorum
849 2225 1059 2289 certaminum

101 2334 170 2378 non
202 2332 281 2376 auro
314 2333 350 2374 ac
383 2309 517 2394 gemmis
549 2310 720 2393 nitentem,
756 2311 812 2375 sed
842 2311 970 2396 pineam
1003 2318 1060 2377 aut

102 2399 287 2484 oleaginum
301 2419 454 2464 coronam
466 2398 628 2482 ferebant,
651 2419 731 2481 quae
745 2398 873 2464 virtutis
887 2421 954 2465 non
968 2423 1057 2484 prae·

102 2489 219 2570 mium,
247 2486 304 2550 sed
330 2486 484 2550 indicium
511 2489 604 2549 esset.
648 2483 770 2550 Nostra
797 2491 886 2552 aetas
908 2488 1057 2553 virtutem

103 2575 208 2660 gratis
240 2574 343 2639 colere
379 2572 486 2655 desiit,
521 2593 677 2656 versaque
712 2574 781 2639 rice
817 2575 934 2661 exigua
963 2577 1060 2642 hodie

103 2662 276 2728 lenonibus
304 2660 446 2744 praemia
471 2659 629 2742 ridentur,
656 2682 737 2744 quae
765 2662 842 2726 olim
865 2666 1060 2729 exercituum

104 2749 293 2816 ductoribus
315 2749 411 2812 nimis
434 2768 554 2832 magna
575 2747 645 2811 risa
667 2753 783 2815 essent.

447 3024 589 3092 CAPUT
611 3025 724 3091 LXIX.

124 3145 391 3202 XENOPHONTIS
409 3145 536 3201 Locum
553 3147 593 3202 IN
612 3146 696 3201 OYRI
713 3145 850 3200 PAEDIA
867 3147 1045 3203 IMITA'I'US

471 3233 699 3291 SALLUSTIUS.

173 3359 391 3426 'Utilissimum
413 3364 619 3444 praeceptum
642 3363 692 3425 est
714 3360 984 3444 adolescentibus,
1006 3363 1062 3446 qui

105 3469 254 3514 exercere
281 3469 315 3512 se
343 3469 416 3512 cum
443 3448 629 3531 aequalibus
657 3449 722 3512 suis
748 3449 864 3513 volunt
890 3449 931 3513 ad
962 3450 1062 3514 Iacul-

105 3538 210 3602 ratem
233 3536 374 3618 aliquam
396 3535 517 3599 firmius
540 3535 798 3621 comparandam,
819 3558 861 3600 ne
885 3558 939 3602 ecs
962 3538 1062 3623 potis-
