2656 3910
504 215 685 272 EPISTOLA
701 215 748 272 Vl.
1087 211 1107 278 9
1135 265 1137 271 ,

151 358 363 426 Commodum
384 360 464 425 haec
478 361 677 445 scripseram,
700 381 772 425 cum
786 357 827 424 ad
845 380 896 424 me
911 357 1013 424 Aldus
1037 380 1107 422 sua-

150 448 302 514 vissimus
316 470 389 515 oum
402 448 558 534 magistro
568 448 700 513 veniret.
724 445 808 524 Quid
822 446 972 532 quaeris?
985 445 1031 510 mi
1039 445 1109 510 Ma-

150 537 232 620 nuti,
241 537 345 602 beasti
355 557 420 602 me:
439 557 542 622 neque
553 536 724 621 quiequam
737 535 817 600 mihi
827 534 995 600 iucundius
1004 533 1109 599 facere

151 627 290 708 poteras.
316 623 409 690 Nihil
429 624 486 690 illo
508 645 608 708 puero
630 623 785 708 festivius,
807 623 889 688 nihil
901 621 1110 708 ingeniosius,

150 712 234 777 nihil
257 712 437 796 amabilius,
459 711 542 777 nihil
565 711 729 778 ardentius
751 712 787 776 in
810 711 916 777 studio
929 710 1057 777 rimatis
1072 731 1110 776 ac

150 800 340 866 litterarum.
368 799 497 876 Quanta
518 800 553 865 in
577 819 723 865 sermone
747 799 902 865 suavitas!
927 802 1047 885 quanta
1059 798 1108 863 in·

153 888 241 954 doles
263 889 299 953 in
320 889 393 973 ipso
406 889 498 953 vultu
512 908 549 952 ac
571 891 663 953 motu
686 887 843 972 eorporis!
867 888 961 973 utin
984 908 1111 952 summa

152 975 920 1149 ltgtftlhldlfimbllllssltll
938 995 1111 1147 totth

154 1155 187 1216 et
214 1154 308 1234 patre
335 1153 368 1215 et
394 1171 455 1216 ovo
482 1151 637 1216 maiorem
660 1171 698 1216 ao
725 1150 931 1215 celebriorem
958 1149 1110 1215 futorum.

153 1237 204 1304 Ne
230 1239 351 1324 vivam,
379 1239 406 1304 si
429 1260 501 1304 non
522 1260 561 1304 ex
589 1238 698 1304 animo
720 1240 843 1324 loquor.
888 1237 960 1304 Hoc
982 1241 1111 1303 tantum

154 1328 189 1393 in
212 1348 338 1392 summa
360 1327 492 1411 laetitia,
516 1349 612 1413 quam
635 1348 674 1392 ex
697 1327 765 1393 eius
788 1327 928 1392 adventu
950 1327 1034 1412 cepi,
1056 1326 1111 1391 ad·

155 1416 272 1500 apersit
303 1415 383 1480 mihi
411 1416 560 1482 nonnihil
591 1416 770 1500 molestiae,
801 1415 888 1501 quod
914 1435 1011 1481 senex
1041 1415 1112 1498 ipse

156 1525 228 1569 cum
250 1503 332 1568 febri
353 1504 451 1568 venit.
494 1504 607 1589 Itaque
630 1505 710 1572 duos
732 1504 877 1589 hospites
899 1503 1112 1569 libentissime

155 1591 235 1657 vidi:
264 1591 395 1657 tertiam
425 1592 528 1675 illam,
557 1613 638 1677 quae
670 1613 704 1657 se
732 1592 882 1657 comitem
914 1590 1112 1674 adiunxerat,

155 1679 293 1744 libenter
320 1678 535 1744 exclusissem.
580 1677 753 1744 Ourabitur
779 1681 914 1762 uterque
941 1699 1052 1742 eorum
1075 1698 1113 1742 ea

157 1766 333 1853 diligentia,
355 1770 393 1831 ut
414 1766 607 1852 intelligant,
629 1766 714 1831 hanc
728 1787 854 1851 quoque
869 1766 1000 1831 domum
1021 1770 1112 1830 tuam

158 1875 236 1920 esse.
263 1853 345 1920 Vale
368 1857 401 1920 et
424 1855 510 1922 salve
534 1877 554 1918 a
575 1853 708 1920 Molino.
734 1853 881 1922 Patavio.

609 2097 667 2162 VI.

477 2217 594 2272 EIDEM
616 2217 796 2274 MANUTIO.

227 2323 261 2392 Si
273 2326 392 2412 Pegasi
414 2326 481 2393 sint
502 2326 557 2392 isti
578 2327 627 2392 tui
641 2326 788 2411 operarii,
809 2330 920 2390 tamen
932 2324 1002 2391 fieri
1023 2323 1113 2390 nullo

159 2415 256 2480 modo
278 2419 394 2500 potest,
416 2419 453 2480 ut
474 2437 539 2480 uno
562 2415 613 2480 die
636 2415 763 2481 chartas
777 2415 917 2501 quinque
940 2413 1114 2498 descripse-

160 2503 235 2586 rint,
258 2525 337 2587 quas
359 2503 429 2568 heri
451 2507 484 2567 te
498 2504 658 2588 accepisse
671 2507 812 2588 oportet:
836 2507 871 2568 et
891 2505 966 2568 tuae
988 2502 1114 2568 hodier·
1164 2565 1168 2572 .

161 2611 222 2655 nae
244 2591 369 2655 litterae
393 2591 575 2676 significant
598 2613 678 2676 opus
701 2592 747 2658 eis
761 2592 878 2657 deesse.
910 2592 1023 2676 Itaque
1038 2590 1115 2676 quid

162 2679 300 2765 cogitem
321 2679 439 2744 nescio.
480 2677 617 2745 Chartae
640 2679 790 2766 quinque,
813 2701 885 2744 cum
907 2680 980 2745 istic
1002 2700 1114 2762 essem,

162 2767 248 2852 apud
269 2769 302 2831 te
323 2767 453 2853 reliqui;
477 2768 594 2832 alteras
609 2768 750 2854 quinque
762 2766 880 2832 nudius
898 2768 1012 2832 tertius
1025 2767 1114 2830 misi:

161 2859 207 2938 tu,
228 2857 266 2919 ut
288 2857 396 2922 omnia
418 2855 484 2920 iam
506 2856 653 2920 confecta
675 2876 744 2920 esse
767 2855 937 2940 significes,
959 2876 1030 2920 cras
1052 2854 1114 2918 tria

161 2943 241 3006 folia
261 2942 419 3026 impressa
440 2943 613 3008 missurum
641 2963 710 3008 esse
731 2945 765 3006 te
788 2943 876 3008 dicis.
911 2942 1034 3006 Iterum
1054 2941 1114 3005 tibi

163 3029 248 3094 dico:
272 3029 349 3114 quid
367 3030 505 3114 cogitem
527 3031 645 3094 nescio.
677 3027 763 3093 Nam
778 3029 844 3093 sive
865 3028 977 3093 illaad
998 3030 1032 3092 te
1044 3049 1115 3112 per·

162 3119 230 3183 lata
252 3121 337 3199 sunt,
359 3117 468 3181 deesse
491 3117 564 3201 illis,
587 3116 673 3202 quod
686 3119 794 3202 agant,
815 3137 883 3182 non
905 3119 1026 3201 potest,
1050 3117 1116 3182 sive
1249 3181 1251 3188 ,

163 3228 229 3271 non
252 3211 337 3291 sunt,
359 3204 533 3271 verendum
556 3209 614 3290 est,
635 3227 677 3270 ne
691 3204 803 3269 eodem
826 3205 921 3270 modo
940 3209 997 3270 aut
1018 3206 1114 3270 inter-

163 3294 563 3448 necionis
584 3293 1116 3449 dn

162 3405 352 3558 1cldgnoverd.
379 3404 922 3536 Vale.x.Kdlcnd.lddii.Petavio.
1108 3431 1116 3458 ³

559 3610 711 3622 —u—
