2658 3914
208 215 270 278 118
571 212 788 269 PRAEFATIO.

204 361 303 423 talem
316 359 514 443 posteritatis
529 358 717 424 memoriam
736 377 972 422 consecremus:
991 379 1059 424 non
1074 360 1161 444 quod

206 469 356 511 remma
382 450 415 510 te
439 450 602 531 gestarum
629 445 733 531 gloria
759 449 870 511 nostro
898 445 1084 512 testimonio
1111 448 1161 510 in·

206 535 327 619 digeat,
355 534 411 598 sed
438 535 523 618 quod
551 534 614 598 alia
640 534 735 599 nobis
762 534 814 598 via
843 535 934 599 nulla
960 535 1161 619 relinquitur,

207 645 271 707 qua
293 623 414 708 ingrati
438 623 537 686 animi
559 625 672 688 notam
695 622 835 707 effugere
850 623 1023 687 valeamus.
1055 623 1160 707 Igitur

207 711 261 774 alii
284 711 426 795 quidem,
449 711 564 794 quibus
588 711 691 776 maior
714 711 877 776 doctrinae
900 711 994 794 copia
1017 714 1074 794 est,
1097 710 1160 775 alia

206 799 266 862 tibi
299 799 447 883 graviora
485 803 518 864 et
547 799 678 864 maioris
715 820 830 882 operae
868 799 1058 882 inscribent3
1099 819 1160 884 ego

207 890 324 970 autem,
346 889 401 972 qui
414 888 559 953 nondum
582 909 653 951 eam
667 887 855 952 facultatem
874 890 1065 953 consecutus
1080 909 1160 972 sum,
1247 968 1249 974 Ι

207 978 244 1039 ut
266 997 286 1040 a
307 997 359 1040 me
374 978 544 1060 quicquam
558 976 724 1061 egregium
746 977 925 1060 exspectari
943 976 1066 1060 debeat,
1085 977 1160 1040 scri-

206 1063 281 1127 bam
307 1067 430 1149 tamen,
459 1065 691 1149 qualiacunque
718 1068 845 1149 potero,
879 1068 912 1128 et
937 1065 1025 1129 hisce
1052 1065 1160 1147 parvis

207 1173 244 1214 ac
266 1152 429 1216 tenuibus
441 1153 639 1217 munusculis
661 1152 806 1217 testabor
827 1152 1012 1217 hominibus
1035 1153 1160 1238 magni-

206 1238 353 1303 tudinem
376 1241 598 1305 observantiae
622 1260 699 1325 erga
725 1243 757 1304 te
781 1262 879 1305 meae.
924 1241 1008 1305 Illud
1032 1241 1160 1325 quidem

207 1331 293 1390 certe
316 1327 405 1392 omni
425 1349 485 1411 ope
507 1327 650 1393 conabor
673 1328 806 1411 efficere,
828 1331 866 1392 ut
887 1329 1007 1413 scripta
1028 1350 1110 1411 mea,
1133 1329 1160 1392 si

206 1415 331 1478 nullam
358 1415 453 1478 aliam
482 1416 525 1481 ob
552 1436 700 1480 caussam
725 1416 761 1480 in
787 1416 891 1499 pretio
916 1417 994 1500 sint,
1021 1417 1160 1481 utilitate

207 1505 317 1566 tamen
339 1505 492 1568 tueantur
516 1504 589 1587 ipsa
617 1524 663 1586 se,
691 1507 724 1568 et
750 1503 812 1568 hoc
840 1505 955 1568 saltem
982 1506 1113 1570 nomine
1140 1525 1160 1568 a

207 1590 358 1655 studiosis
381 1592 566 1656 hominibus
580 1613 647 1657 non
660 1592 876 1677 negligantur.
913 1590 1005 1668 Quod
1029 1596 1061 1656 et
1079 1593 1159 1657 alias

206 1678 268 1742 ieci
291 1681 325 1743 et
346 1680 380 1744 in
403 1680 443 1744 iis
466 1681 617 1761 maxime,
645 1702 726 1763 quos
747 1701 852 1764 nuper
873 1681 959 1764 apud
980 1684 1013 1745 te
1037 1681 1160 1764 scripsi,

206 1765 379 1831 Variarum
401 1766 591 1832 Lectionum
612 1769 712 1832 libris.

272 1854 417 1919 Primum
440 1857 526 1920 enim
548 1878 620 1920 cum
643 1856 678 1920 in
691 1855 977 1939 praestantissimis
993 1855 1159 1940 utriusque

206 1943 336 2027 linguae
360 1944 569 2026 scriptoribus
587 1943 690 2008 multa
711 1944 762 2007 vel
784 1947 966 2027 temporum
983 1944 1035 2008 vel
1056 1943 1159 2007 homi-

206 2052 285 2094 num
309 2031 403 2114 culpa
434 2035 583 2114 corrupte
610 2035 644 2096 et
670 2031 841 2114 depravate
868 2032 1031 2116 legantur,
1058 2053 1159 2116 eaque

206 2139 257 2182 res
280 2119 330 2182 vel
353 2140 421 2184 nou
445 2120 667 2184 animadversa
689 2141 842 2202 errorem,
865 2121 916 2184 vel
938 2119 1160 2184 animadversa

207 2207 387 2271 molestiam
410 2211 443 2271 et
457 2207 678 2272 difficultatem
691 2207 873 2292 legentibus
888 2207 1025 2272 obiicere
1044 2208 1158 2272 soleat:

208 2295 275 2358 eius
298 2295 495 2359 incommodi
521 2299 558 2359 ut
584 2317 659 2378 pars
687 2295 795 2378 aliqua
821 2317 879 2378 per
906 2317 957 2359 me
984 2296 1159 2378 tolleretur,

209 2404 340 2466 operam
363 2383 445 2447 dedi.
481 2382 615 2466 Deinde,
637 2404 710 2447 cum
733 2386 766 2446 et
787 2383 867 2446 illud
881 2385 1015 2466 constet,
1036 2386 1159 2448 veteres

207 2468 340 2534 Latinos
373 2491 498 2534 summo
531 2470 636 2534 studio
669 2491 738 2536 esse
769 2471 803 2535 in
830 2469 1023 2535 Graecorum
1054 2471 1159 2535 imita-

207 2559 296 2622 tione
318 2561 473 2641 versatos,
496 2559 529 2622 et
551 2579 661 2623 eorum
683 2559 840 2642 locorum,
867 2581 948 2643 quos
974 2559 1022 2622 illi
1046 2559 1087 2623 ab
1109 2559 1160 2623 his

208 2648 356 2728 acceptos
382 2645 418 2709 in
444 2667 539 2710 usum
566 2667 660 2712 suum
686 2647 934 2730 transtulerunt,
963 2647 1100 2731 diligens
1128 2651 1161 2710 et

208 2736 358 2797 accurata
379 2734 505 2799 notatio
519 2755 671 2820 magnam
693 2735 745 2799 his
766 2734 965 2817 temporibus
988 2735 1160 2798 utilitatem

210 2820 329 2886 habere
353 2823 514 2887 credatur:
536 2822 632 2888 huius
647 2844 772 2907 quoque
796 2823 923 2906 generis
945 2821 1161 2907 inspergenda

208 2911 366 2975 nonnulla
389 2933 458 2976 esse
486 2910 571 2976 duxi.
619 2909 885 2975 Narratiunculas
913 2910 1010 2974 etiam
1038 2910 1162 2995 aliquot

209 3000 365 3064 admiscui
387 3001 588 3083 quarundam
610 2999 832 3078 historiarum,
855 3019 937 3082 quae
959 3019 1063 3082 neque
1085 3019 1161 3063 oon·

208 3088 304 3150 tritae
328 3109 365 3152 ac
388 3109 573 3153 communes
601 3091 722 3172 essent,
749 3108 852 3171 neque
879 3087 948 3151 fore
970 3086 1161 3150 iniucundae

210 3176 343 3257 cognitu
365 3175 557 3240 viderentur.
593 3173 658 3238 Ubi
681 3178 790 3239 autem
812 3175 859 3238 ita
881 3196 931 3238 res
954 3175 1037 3257 tulit,
1061 3179 1098 3239 ut
1120 3173 1161 3238 ab

209 3262 262 3342 iis,
295 3262 349 3344 qui
375 3263 426 3325 vel
453 3265 558 3326 aetate
589 3266 701 3326 nostra
736 3263 788 3326 vel
818 3262 917 3326 etiam
944 3261 1161 3345 superioribus

209 3348 408 3430 temporibus
431 3350 465 3412 in
487 3349 550 3412 hoc
575 3348 647 3430 ipso
675 3349 832 3413 curriculo
855 3349 1047 3413 industriam
1071 3371 1163 3414 suam

210 3439 427 3520 exercuerant,
456 3435 671 3501 dissentirem:
702 3436 765 3500 feci
790 3436 837 3518 id,
863 3438 901 3499 ut
928 3439 960 3500 et
986 3441 1103 3501 natura
1130 3441 1164 3500 et
1227 3457 1229 3464 ·

210 3522 406 3588 consuetudo
430 3545 502 3588 mea
528 3524 605 3608 iert,
636 3523 748 3607 libere,
781 3524 836 3588 sed
859 3545 897 3587 ea
918 3527 1028 3588 tamen
1056 3525 1163 3589 mode·
