2656 3910
227 191 269 254 86
555 193 733 248 EPISTOLA
753 195 849 249 LXVI.

226 337 331 422 magis
354 337 452 401 etiam
473 337 715 419 improbitatem
743 360 834 402 suam
858 337 1044 424 declaravit,
1071 341 1130 426 qui
1157 343 1194 406 id

227 446 354 509 quoque
383 425 532 489 suffurari
558 425 709 509 voluerit,
746 447 785 489 ex
817 447 880 510 quo
913 428 954 491 ad
987 449 1020 492 se
1054 429 1192 514 quidem

226 514 310 577 nihil
342 513 514 596 commodi,
547 513 587 577 ad
616 535 667 578 me
698 517 754 578 aut
755 535 806 578 em
838 515 959 598 aliquid
988 518 1192 582 incommodi

227 604 457 685 perventurum
484 563 576 665 eiset.
621 600 701 666 Peto
729 602 829 686 igliur
857 607 947 688 ate,
978 605 1120 706 primum
1149 610 1191 670 ut

227 710 299 753 meo
323 687 432 752 dolore
455 689 578 790 doleas3
602 688 715 754 deinde
738 693 776 754 ιιι
798 691 903 755 adme
927 693 1189 792 quamprimum

228 779 352 860 septem
374 777 548 859 illaprima
561 776 713 842 foliat
653 799 699 842 m1
691 779 776 842 't2tas
800 781 949 843 octavum
963 780 1050 844 enim
1068 781 1188 846 habeo

227 864 300 949 Ego
324 868 431 929 autem
454 865 609 930 missurus
637 867 678 930 ad
705 869 737 929 te
761 867 870 930 statim
894 889 965 931 sum
992 868 1188 952 interpreta-

227 953 350 1018 tionem
369 952 563 1019 Graecorum
586 957 619 1018 et
641 954 778 1020 indicem
798 976 917 1039 eorum,
940 977 1021 1040 quae
1044 978 1064 1021 a
1086 957 1187 1022 libra·

227 1041 283 1106 riis
310 1044 443 1126 peccata
475 1047 558 1107 sunt.
607 1041 688 1106 Vale
721 1044 754 1107 et
783 1065 835 1107 me
868 1065 949 1108 ama.
977 1043 1109 1110 Romae.
1137 1064 1188 1112 111.
1290 1063 1291 1072 ’

227 1127 304 1192 Idus
326 1129 454 1194 Ianuar.
477 1147 644 1195 Moaxxxr.

631 1288 800 1304 *ml-⁸.

649 1408 764 1475 LXVI.

422 1533 470 1610 ιι.
498 1534 740 1609 irrorares
767 1536 992 1611 amaras
1031 1485 1035 1492 ⁵

673 1673 695 1714 S.
709 1674 737 1713 D.

476 1758 659 1814 GILBERTO
679 1758 929 1816 GENEBRARDO

467 1863 663 1920 THEOLOGO
682 1865 941 1920 ERUDITISSIMO

286 1969 334 2025 ΕΤ
354 1969 550 2026 SACRARUM
568 1971 808 2026 LITTERARUM
826 1971 990 2027 DOOTORI
1007 1971 1120 2027 REGIO

295 2097 340 2163 Ει
360 2098 487 2163 litterae
509 2101 584 2162 tuae
608 2119 721 2162 suaves
741 2097 821 2162 mihi
843 2100 939 2181 atque
963 2102 1093 2181 optatae
1115 2098 1184 2162 fue·
1290 2129 1291 2132 ¹

229 2190 315 2271 runt,
339 2191 371 2250 et
392 2187 483 2271 liber,
506 2208 601 2270 quem
625 2186 665 2248 ad
687 2207 739 2249 me
762 2185 888 2269 misisti,
910 2187 1022 2250 multis
1044 2187 1185 2251 nomini-

229 2275 290 2339 bus
319 2274 510 2340 carissimus.
559 2272 704 2336 Primum
732 2273 817 2356 quod
847 2274 1092 2358 ingravescente
1118 2275 1186 2339 iam

231 2365 345 2446 aetate,
369 2383 439 2425 sero
463 2360 591 2445 quidem
615 2357 721 2445 (video
749 2362 848 2446 enim,
876 2366 997 2446 quanto
1024 2363 1058 2428 id
1080 2365 1184 2428 maiu-

230 2451 297 2514 rius
319 2449 423 2512 lacere
448 2447 638 2549 debuerim),
666 2448 722 2512 sed
744 2451 854 2513 tamen
876 2451 998 2534 aliquo,
1021 2453 1058 2515 ι
1021 2472 1185 2534 spero

231 2558 304 2602 cum
326 2536 464 2600 fructu
454 2558 489 2599 m
512 2557 675 2600 sacrorum
696 2537 853 2601 librorum
878 2539 1016 2602 lectione
1040 2538 1185 2640 quotidie

231 2624 385 2728 temporis
413 2623 532 2708 aliquid
558 2646 678 2706 ponere
709 2625 802 2689 instit
777 2626 850 2709 rui,
881 2627 985 2726 magis
1017 2627 1184 2710 magisque
1290 2679 1291 2710 3

231 2715 267 2778 in
290 2713 357 2777 dies
379 2711 575 2814 perspiciens
599 2712 662 2776 alia
685 2713 793 2777 omnia
819 2714 930 2778 inania
957 2735 1040 2796 esse,
1068 2737 1106 2778 ex
1138 2715 1184 2778 eis
1290 2717 1291 2730 ²

232 2802 310 2868 solis
336 2823 445 2867 veram
473 2800 572 2864 animi
599 2801 751 2884 quietem,
779 2801 962 2866 solidume
964 2766 1114 2866 teflicax
1135 2824 1184 2867 re-

231 2891 372 2957 medium
395 2891 546 2956 adversus
569 2889 732 2973 improbas
751 2889 950 2973 cupiditates,
972 2889 1183 2954 certissimam

232 2981 460 3082 molestiarum,
483 2979 649 3130 ιιιιιι)ιιεω“Γ
622 3000 657 3041 ιιι
678 2979 739 3042 hac
753 2977 1067 3078 vitaconflictaritur
1088 2978 1185 3042 etiam

232 3155 315 3218 Mihi
329 3159 445 3237 autem,
468 3070 663 3236 quamqriani
684 3155 719 3216 in
743 3154 814 3217 aliis
836 3153 951 3218 studiis
965 3153 1099 3218 minoris
1117 3176 1184 3219 mo-

233 3243 335 3305 menti
357 3263 425 3304 non
447 3261 578 3323 prorsus
591 3241 809 3323 inexercitato,
831 3241 866 3304 in
883 3241 934 3304 his
957 3245 1067 3305 tamen
1089 3242 1184 3325 plane

233 3329 341 3412 tironi,
363 3329 467 3391 multa
494 3330 678 3400 occurrunt,
700 3327 736 3390 in
758 3328 874 3411 quibus
896 3328 1059 3410 haeream,
1082 3350 1184 3412 neque

235 3416 314 3479 satis
336 3417 490 3499 ipseper
516 3434 568 3476 me
595 3414 753 3497 explicare
781 3437 833 3478 me
855 3416 985 3498 possim.
1029 3415 1079 3479 Ac
1100 3416 1184 3481 facio

235 3503 364 3585 quidem
396 3502 482 3586 quod
513 3499 620 3566 Moses
651 3502 754 3586 iubet,
789 3505 826 3565 ut
861 3503 1057 3587 interrogem
1093 3525 1184 3568 senes
