2658 3914
219 204 285 270 202
591 204 675 258 VAR.
694 202 794 258 LECT.

219 348 274 433 qui
304 349 389 433 quod
421 348 533 434 quinto
566 367 691 432 quoque
724 367 809 411 anno
817 344 842 433 ¹)
869 346 1052 412 faciendum
1075 347 1174 433 signia

219 437 307 500 ficari
329 437 437 519 vellet,
460 435 493 500 id
515 435 647 518 saeco
668 435 801 516 pariaque
822 436 917 499 amris
937 434 1006 500 fieri
1027 437 1176 519 oportere

220 524 355 608 scripsit.
391 523 475 587 Eum
490 523 609 605 ipsum,
632 523 778 605 inquam,
800 525 833 586 et
846 520 1009 587 Ciceronis
1023 524 1175 608 eloquen-

219 611 299 675 tiam
330 611 427 676 vides.
483 609 545 675 Sed
576 613 613 673 ut
643 631 695 674 me
725 610 765 674 ad
797 610 998 693 propositum
1030 610 1176 695 referam,

218 699 318 762 etiam
341 698 369 762 si
390 699 452 763 hoc
474 698 599 780 demur,
620 699 740 762 novata
763 717 832 762 esse
854 697 1020 762 multaab
1042 696 1097 781 iis,
1120 699 1175 783 qui

219 790 294 869 post
321 785 507 851 Ciceronem
535 785 677 868 fuerunt,
705 785 781 870 quid
809 805 940 849 caussae
968 789 1030 865 est,
1058 806 1115 849 cur
1137 807 1176 850 ea

219 873 347 938 reiicere
371 874 565 939 debeamus?
602 872 744 949 Quorsus
767 873 867 956 igitur
888 873 968 937 illud
989 870 1176 959 Horatii²)‘?

224 961 267 1026 Ut
285 962 366 1042 folio
387 964 423 1026 ia
444 963 543 1039 silvia
567 965 600 1026 et
621 961 714 1024 illud:

430 1121 474 1131 —
497 1121 539 1131 -
563 1085 650 1150 licuit
670 1103 842 1166 semperque
865 1083 964 1149 licebit

263 1171 428 1254 Sipontum
445 1177 700 1254 prosatore
716 1173 883 1254 mortuom
905 1191 1023 1238 nomen.

219 1291 336 1358 Nonne
360 1293 470 1360 Cicero
499 1299 532 1359 et
558 1295 660 1360 multa
686 1295 819 1360 novavit
844 1295 927 1379 ipse,
953 1298 987 1360 et
1008 1293 1175 1378 Catonem,

218 1379 406 1465 Varronem,
429 1382 566 1447 Brutum
589 1382 741 1466 aliosque,
763 1387 801 1447 ut
822 1383 906 1448 idem
929 1383 1079 1466 facerent,
1100 1384 1175 1448 hor·

218 1473 306 1533 tatus
329 1470 399 1534 est?
431 1470 485 1534 An
506 1470 653 1535 fortassis
675 1472 843 1554 personale
866 1471 945 1536 illud
971 1471 1176 1555 privilegium

218 1557 293 1621 suit:
317 1561 354 1622 ut
377 1579 449 1623 cum
464 1555 630 1642 Cicerone,
653 1561 780 1623 etcum
802 1559 852 1642 iis,
873 1561 927 1642 qui
949 1564 1015 1624 man
1036 1560 1177 1624 vivebant

218 1645 355 1710 homines
386 1652 475 1729 atque
503 1667 610 1711 comm
641 1643 848 1732 cpiteboaffl),
882 1647 1076 1712 exstinctum
1104 1667 1175 1712 esse

218 1733 385 1797 videatur?
421 1733 727 1816 Incorrrprehensibe'le
749 1731 895 1800 Ciceroni
922 1735 1041 1819 fingere
1068 1734 1174 1800 licuit:

219 1822 332 1904 quidni
355 1821 425 1886 aliis
450 1823 513 1886 alia
526 1822 567 1886 ad
590 1822 725 1886 eundem
739 1822 870 1887 modum
893 1825 1005 1905 postea
1027 1822 1175 1888 licuerit?

219 1907 379 1993 Equidem
402 1905 549 1974 existimo
573 1908 773 1992 Ciceronem,
796 1910 824 1974 si
847 1909 888 1974 ad
911 1908 1119 1984 Quinctiliani
1142 1914 1176 1975 et

219 1994 317 2060 Plinii
340 2000 373 2060 et
394 1997 497 2062 Taciti
518 2002 666 2080 tempora
687 1997 789 2062 vitam
810 1997 984 2080 producere
1006 1997 1174 2081 potuisset,

220 2089 252 2149 et
273 2084 454 2148 Romanam
476 2086 620 2170 linguam
643 2085 753 2148 multis
772 2085 904 2150 vocibus
923 2086 1087 2169 eleganter
1099 2105 1174 2150 con·

218 2173 365 2237 formatis
379 2194 490 2238 eorum
504 2173 609 2238 studio
624 2176 751 2237 auctam
770 2193 807 2237 ao
828 2174 1056 2256 locupletatam
1077 2173 1173 2237 vidis·

220 2264 281 2343 set,
317 2281 470 2345 magnam
506 2261 551 2325 eis
588 2261 725 2344 gratiam
755 2260 941 2326 habiturum
978 2264 1073 2344 atque
1109 2261 1174 2324 illis

220 2349 349 2413 vocibus
377 2349 490 2432 cupide
517 2369 650 2412 usurum
677 2348 783 2412 fuisse.
832 2345 919 2415 Nam
945 2348 1082 2414 istorum
1105 2348 1174 2432 qui-

219 2437 291 2500 dem
306 2436 415 2498 audire
429 2438 479 2500 est
492 2456 607 2518 operae
625 2435 763 2517 pretium
777 2436 961 2502 amentiam.
1004 2436 1057 2500 Ad
1070 2435 1175 2500 Taciti

219 2528 275 2588 aut
299 2521 443 2586 Suetonii
470 2543 563 2586 voces
590 2526 761 2588 nauseant:
789 2523 851 2606 ipsi
875 2543 928 2588 eas
957 2524 1083 2607 scriptis
1107 2524 1174 2588 suis

218 2612 380 2692 intexunt,
404 2631 485 2692 quae
507 2630 548 2672 ne
571 2609 605 2673 in
628 2610 735 2674 culina
758 2611 886 2694 quidem
899 2612 1027 2677 illorum
1049 2611 1174 2695 patien-

218 2702 269 2763 ter
292 2697 395 2762 audiri
416 2697 605 2781 potuissent.
651 2697 799 2779 Mentior,
820 2699 886 2761 nisi
900 2699 969 2781 tibi,
991 2720 1064 2763 cum
1077 2700 1174 2781 voles,

219 2787 253 2850 in
281 2786 407 2868 scriptis
436 2786 637 2870 quorundam
664 2785 719 2869 qui
745 2786 841 2850 huius
869 2790 973 2851 sectae
1005 2785 1175 2870 coryphaei

292 2960 312 3030 ¹)
330 2961 391 3014 Huc
409 2959 533 3030 pertinet
546 2957 748 3014 animadversio
762 2957 886 3028 Scioppii
900 2959 934 3013 de
949 2958 1015 3014 stilo
1032 2958 1175 3026 historico,

219 3049 244 3100 p.
266 3036 326 3086 226.
363 3029 466 3100 „Fugit
487 3029 626 3085 Muretum
648 3029 734 3096 ratio,
757 3045 819 3084 eum
841 3046 892 3098 pro
918 3029 1176 3098 asportavitque

219 3101 302 3156 anno
315 3100 462 3156 dicendum
476 3102 559 3170 putat
576 3101 671 3168 quarto
689 3115 792 3168 qaoque
805 3114 886 3154 anno.
918 3099 978 3154 Neo
992 3099 1066 3154 enim
1077 3099 1175 3154 eadem

219 3171 363 3238 utriusque
382 3171 452 3225 dicti
470 3173 512 3225 cst
529 3170 674 3225 sententia
711 3168 740 3223 si
758 3169 914 3238 quidecim
931 3169 989 3236 fiat,
1008 3170 1083 3240 quod
1097 3169 1175 3238 quin-

219 3241 342 3310 quennio
368 3256 417 3294 seu
438 3239 554 3310 singolis
577 3239 773 3310 quinquenniis
791 3239 889 3310 semel„
914 3239 986 3294 nihil
1004 3256 1115 3294 neeesse
1135 3241 1177 3294 est

219 3312 249 3366 id
268 3310 366 3379 quinto
381 3325 489 3390 sempor
507 3325 579 3364 anno
598 3309 666 3376 fieri,
686 3325 748 3363 cum
767 3310 853 3364 etiam
866 3309 964 3379 primo,
985 3310 1104 3365 secundo
1127 3311 1177 3364 aut

220 3395 386 3449 quocunque
405 3379 589 3448 quinquennii
607 3395 679 3434 anno
698 3379 804 3434 factum
820 3379 1015 3450 intelligitur.·‘
1052 3380 1085 3434 D.
1103 3379 1136 3434 R.

293 3449 592 3589 carnosus:
609 3467 647 3574 t.
665 3519 699 3574 a.
716 3519 777 3574 xc.
796 3525 821 3574 2,
