2656 3910
481 227 662 284 EPISTOLA
680 228 740 284 XII.
1052 227 1093 292 15

136 373 175 440 de
199 392 262 458 quo
285 394 337 437 me
360 375 429 436 tam
452 393 545 457 saepe
568 373 808 456 praedicantem
829 370 995 436 audiisses.
1030 369 1093 436 Hic

135 462 223 526 enim
246 463 296 526 est
317 481 400 526 unus
414 460 655 544 propemodum,
677 461 717 526 de
730 480 869 546 quoego
891 459 972 524 mihi
986 460 1094 524 omnia

137 571 263 614 summe
284 549 429 633 polliceri
451 548 566 632 aude03
594 570 698 633 neque
726 551 849 633 metuo,
875 569 920 612 ne.
945 568 996 612 me
1020 569 1093 631 spes

135 637 238 707 fallet
267 633 393 715 Quaeso
415 639 458 720 te,
480 638 691 720 complectere
706 657 780 703 eum
801 657 873 701 mee
887 657 984 701 cause
997 655 1093 720 quem

136 725 258 812 poteris
282 725 532 798 .humanissime;
556 724 673 808 dignus
694 727 751 790 est
778 724 864 792 enim
888 724 977 790 omni
998 723 1094 788 bene·

137 813 281 880 volentia
307 817 405 898 atque
437 834 553 880 umore.
597 811 772 898 Ingenium
798 833 973 898 summum,
1002 811 1094 876 indu·

139 902 219 968 stria
244 901 391 985 mirifico,
419 922 524 966 mores
551 901 672 984 optimi.
695 904 791 985 atque
818 899 1095 984 incorruptissimi.

138 988 286 1076 Denique
309 989 460 1075 quicquid
484 989 546 1054 dici
560 990 599 1054 de
621 990 678 1054 ille
700 991 806 1053 aetate
827 988 1002 1054 honorifice
1024 991 1095 1072 pot-

139 1081 197 1161 est,
220 1078 327 1144 idme
350 1078 388 1142 de
411 1099 450 1142 eo
469 1077 586 1142 dixisse
609 1081 643 1142 et
664 1077 779 1148 merito
802 1075 920 1142 dixisse
942 1075 1003 1140 tibi
1024 1097 1096 1159 per·

138 1165 282 1237 suadetur
318 1165 467 1251 Accipies
490 1166 534 1229 ab.
555 1185 607 1249 eo,
631 1165 716 1250 quod
739 1167 886 1248 superest
906 1163 1040 1247 Tibulli,
1064 1167 1096 1230 et

139 1253 262 1320 scholia
293 1276 366 1319 mea
392 1254 427 1317 in
458 1253 598 1337 primum
630 1252 762 1337 librum,
791 1252 829 1317 de
858 1252 974 1338 quibus
1002 1253 1096 1336 cupio

139 1343 249 1408 audire
271 1341 424 1407 iudicium
446 1345 546 1406 tuum.
579 1340 663 1417 Quid
685 1345 743 1426 est,
758 1341 843 1426 quod
864 1340 960 1406 hodie
982 1340 1023 1404 ed
1045 1362 1097 1405 me

138 1430 293 1497 Molinius
316 1430 453 1514 scripsit,
475 1430 558 1495 mira
572 1429 728 1516 quaedam
743 1450 824 1514 esse,
846 1450 928 1515 quae
949 1431 987 1493 tu
1008 1428 1097 1511 mihi,

140 1541 214 1584 cum
236 1520 320 1585 istuc
341 1519 514 1602 venissem,
543 1518 685 1584 dictums
709 1516 817 1582 esses?
863 1514 898 1582 Si
924 1537 975 1582 me
999 1538 1098 1600 amus,

141 1607 292 1692 quicquid
316 1609 374 1689 est,
398 1606 509 1672 scribe.
536 1605 608 1691 Ego
632 1606 727 1690 enim,
750 1605 815 1670 nisi
838 1605 915 1690 quid
937 1604 1024 1669 aliud
1048 1625 1097 1668 ac-

140 1697 262 1779 ciderit,
284 1694 429 1760 nondum
451 1714 503 1758 me
524 1692 608 1759 istuc
621 1698 791 1759 venturum
813 1695 902 1779 puto.
929 1690 1020 1757 Vale.
1042 1710 1097 1758 xv.

141 1783 213 1849 Kal.
236 1783 332 1849 Iunii.
354 1781 499 1848 Patavio.

541 1923 700 1936 ..n-a...-

585 2058 659 2124 XII.

462 2177 579 2235 ainau
602 2179 781 2238 MANUTIO.

210 2303 344 2391 Moriar,
371 2304 400 2372 si
426 2306 596 2392 quiequam
623 2329 766 2394 unquam
793 2306 855 2376 feci
881 2307 1017 2374 invitus:
1044 2308 1100 2372 sed

142 2399 255 2460 tamen
282 2393 421 2481 effugere
449 2415 516 2460 non
542 2417 688 2480 possum,
717 2397 795 2482 quin
821 2396 882 2462 tibi
910 2397 949 2462 de
972 2396 1100 2462 Tibullo

143 2505 260 2568 purum
283 2483 449 2568 obsequar.
477 2482 609 2548 Etenim
632 2505 714 2570 quae
736 2485 772 2548 in
795 2506 832 2550 eo
855 2484 939 2550 libro
961 2485 1100 2550 maxime

143 2570 294 2636 videntur
316 2591 446 2656 operam
468 2592 573 2636 meam
595 2573 765 2658 requirere,
788 2593 825 2636 ee
844 2593 904 2657 ego
929 2593 1029 2658 aeque
1051 2573 1099 2638 in-

142 2659 256 2744 telligo
284 2661 380 2745 utque
408 2659 436 2724 si
464 2659 583 2744 scripte
608 2682 676 2727 non
698 2663 813 2726 essent
849 2660 890 2726 In
912 2660 983 2744 ipso
1007 2660 1101 2746 quasi

143 2747 255 2811 limine
282 2747 350 2813 eius
378 2747 505 2833 generis
536 2749 694 2814 nonnulla
720 2751 804 2814 sunt.
849 2746 964 2833 Neque
990 2751 1101 2813 tamen

144 2835 279 2919 despero
301 2835 380 2920 fore,
402 2836 625 2922 utaliquando
648 2837 699 2900 vel
712 2857 788 2900 casu
810 2835 959 2918 incidam,
981 2837 1033 2900 vel
1055 2837 1100 2900 la-

144 2921 223 2988 bore
246 2925 280 2987 et
292 2922 462 3009 diligentia
482 2925 667 3007 perveniam
681 2923 722 2986 ad
745 2923 875 3007 aliquid,
889 2922 975 3006 quod
997 2923 1101 2986 lucem

145 3030 257 3074 eorum
279 3011 443 3076 nonnullis
466 3011 598 3075 adferat
630 3010 743 3094 Itaque
759 3012 915 3094 quantum
928 3029 980 3073 me
1002 3029 1100 3094 amne,

143 3101 273 3163 tentum
301 3121 320 3164 e
345 3104 378 3164 te
405 3101 481 3183 peto
509 3102 606 3183 atque
638 3097 811 3180 contendo,
837 3100 875 3162 ut
899 3117 952 3161 me
978 3097 1040 3164 hec
1066 3099 1101 3164 in

144 3187 237 3271 parte
260 3185 368 3252 animo
396 3207 468 3252 meo
492 3186 627 3272 obsequi
649 3185 746 3251 sinas.
782 3184 868 3252 Nam
891 3186 977 3272 quod
998 3187 1100 3252 vereri

143 3273 271 3356 videris,
292 3296 333 3339 ne
357 3274 429 3339 dem
453 3296 630 3341 sermonem
653 3274 838 3343 hominibus
861 3275 1042 3358 malevolis,
1063 3275 1101 3338 li·

144 3361 223 3428 bero
245 3365 279 3427 te
301 3362 363 3428 hoc
385 3365 482 3428 metu.
513 3361 610 3446 Malo,
633 3363 662 3428 si
685 3363 874 3442 alterutrum
896 3383 1027 3428 necesse
1049 3362 1101 3445 sit,

145 3449 311 3515 silentium
346 3470 454 3515 meum
490 3451 625 3535 culpari,
657 3471 753 3535 quam
784 3450 951 3524 audaciam
985 3449 1101 3514 notari,

144 3536 246 3605 Crede
269 3538 331 3604 hoc
353 3537 442 3619 mihi,
464 3558 531 3602 non
546 3537 615 3602 sine
638 3558 763 3602 summa
780 3538 928 3602 molestie
950 3537 1043 3618 facio,
1066 3539 1102 3598 ut
