2658 3914
255 229 318 306 ’196
623 245 706 300 vna.
726 179 828 301 unci.

253 407 341 451 more
367 388 504 452 vocabat
530 388 695 472 sagittam,
722 391 756 452 et
777 389 993 473 significabat,
1015 411 1083 456 uon
1100 391 1213 456 fortis-

253 475 352 539 simos
367 495 509 559 quosque
522 479 666 539 mortuos
680 497 762 554 esse,
785 477 841 540 sed
855 497 919 559 eos,
943 477 997 562 qui
1016 499 1093 542 casu
1111 477 1211 564 sagit

252 562 295 625 tie
322 562 379 625 icti
405 561 556 626 fuissent:
580 566 629 646 ut,
653 564 707 647 qui
728 563 872 628 hostium
893 566 990 648 potiti
1014 570 1119 650 erant,
1142 589 1212 633 non

253 651 422 732 propterea
449 650 555 714 minus
582 650 681 714 fortes
708 650 850 715 habendi
876 655 997 735 essent,
1027 674 1124 737 quam
1155 657 1212 737 qui

253 737 441 801 ceciderant.
485 736 622 802 Eurinus
650 738 736 802 enim
758 760 831 802 cum
853 739 917 804 illis
945 740 1095 823 proeliati
1117 747 1212 806 erant

253 823 476 889 Athenienses.
525 824 577 890 Ite
603 825 708 890 hoca
734 827 923 909 gravissimo
951 827 1104 893 historiae
1133 831 1210 894 scri·

252 915 344 995 ptore
367 911 551 996 Thucydide
559 911 583 998 ¹)
607 913 796 997 accepimus.

593 1120 736 1188 CAPUT
758 1121 876 1187 LVIII.

254 1241 376 1297 SERMO
402 1241 560 1298 HABITUS
583 1241 659 1298 CUM
682 1242 793 1298 DARIO
813 1242 1016 1298 BIIRNARDO
1037 1243 1085 1300 DE
1105 1244 1210 1300 STUL·

254 1330 355 1384 ΤΙΤΙΑ
370 1329 601 1394 QUORUNDAM
619 1328 680 1395 QUI
700 1329 742 1384 SE
762 1329 1031 1386 CICERONIANOS
1050 1330 1210 1387 VOOANT.

319 1453 486 1518 Venerunt
507 1454 548 1518 ad
570 1475 622 1518 me
644 1455 680 1518 in
703 1453 901 1529 Quirinalem
923 1455 1047 1519 visendi
1065 1478 1103 1520 ac
1126 1458 1211 1522 salu-

253 1542 344 1606 tandi
368 1563 482 1606 caussa
507 1542 631 1606 nobiles
655 1542 777 1625 aliquot
800 1541 952 1606 Germani
981 1542 1210 1628 adolescentes,

254 1631 404 1716 quicum
425 1633 529 1694 totam
551 1651 650 1714 prope
671 1628 799 1693 Italiam
822 1629 1082 1713 perlustrassent,
1104 1651 1210 1718 neque

255 1738 446 1803 quemquam
468 1718 534 1783 fere
557 1717 848 1801 praetermisissent
870 1737 989 1798 eorum,
1013 1717 1067 1801 qui
1089 1740 1209 1783 nomen

254 1806 383 1890 aliquod
405 1806 527 1870 habent
547 1806 583 1869 in
605 1805 735 1886 litteris,
758 1804 836 1887 quin
859 1825 931 1868 eum
954 1804 1109 1868 vidissent
1132 1807 1209 1871 allo·

254 1895 382 1977 cutique
397 1896 513 1976 essent,
534 1914 586 1957 mc
601 1913 740 1977 quoque,
763 1894 801 1956 ut
813 1892 876 1974 ipsi
899 1891 1026 1975 quidem
1050 1892 1210 1978 dicebant,
1308 1954 1309 1975 ,

254 1981 365 2046 eadem
391 1981 431 2044 de
457 2001 571 2045 caussa
596 1979 703 2044 videre
724 1999 912 2063 mecumque
941 1978 1080 2064 colloqui
1101 1982 1207 2046 volue-
1308 1983 1309 2004 ¹

253 2072 336 2134 rant.
382 2066 525 2152 Cumque
548 2068 611 2151 ipsi
632 2088 684 2131 me
707 2066 746 2130 de
769 2067 883 2130 studiis
905 2066 999 2149 meis,
1021 2087 1081 2150 ego
1096 2073 1210 2134 eontra

254 2178 309 2222 eos
337 2157 375 2220 de
399 2155 589 2220 Germaniae
616 2157 704 2218 statu
731 2154 831 2237 deque
858 2154 912 2236 iis,
940 2154 994 2237 qui
1021 2154 1088 2218 illic
1114 2156 1211 2222 hodie

253 2245 366 2310 florere
389 2244 578 2326 dicerentur,
601 2241 733 2307 eruditis
756 2241 940 2306 hominibus
967 2240 1211 2329 interrogarem,

255 2354 336 2418 quae
359 2331 511 2414 cuiusque
534 2333 622 2395 aetas
645 2335 742 2411 esset,
772 2349 853 2412 quae
880 2329 1035 2394 habitudo
1058 2333 1212 2416 corporis,

255 2441 336 2505 quae
358 2419 489 2483 fortuna
512 2439 549 2481 ac
571 2415 713 2481 conditio
735 2415 876 2480 vivendi:
906 2417 993 2481 varie
1015 2416 1089 2500 illis,
1111 2422 1149 2482 ut
1172 2420 1212 2484 de

255 2527 381 2591 quoque
404 2504 594 2587 interrogati
613 2507 717 2586 erant,
739 2502 1008 2586 respondentibus
1030 2527 1096 2569 una
1114 2510 1212 2590 atque

254 2594 356 2658 altera
377 2593 458 2656 hora
480 2594 671 2673 consumpta
692 2593 749 2655 est
795 2589 988 2674 Complexus
1010 2592 1111 2676 igitur
1136 2594 1212 2660 illos

254 2685 288 2745 et
296 2682 451 2745 abeunte
466 2679 581 2744 faustis
591 2679 753 2743 ominibus
767 2683 954 2761 prosecutus
969 2679 1083 2744 dimisi.
1107 2681 1212 2747 Inter-

253 2770 360 2834 fuerat
381 2768 429 2832 illi
452 2766 592 2832 sermoni
616 2787 653 2831 ac
676 2766 834 2849 colloquio
857 2770 969 2832 nostro
992 2766 1111 2832 Darius
1134 2768 1212 2834 Ber-

254 2857 388 2940 nardus,
415 2855 538 2921 iuvenis
562 2859 595 2920 et
616 2854 729 2919 festivo
755 2853 886 2938 ingenio
914 2856 947 2918 et
973 2854 1093 2920 sanctis
1115 2857 1213 2940 plane

255 2950 351 3031 atque
374 2945 566 3046 incorruptis
580 2942 736 3027 moribus,
759 2941 882 3042 ‘pileis
901 2941 1066 3045 digressiaf
1089 2941 1213 3046 Verum

255 3034 632 3202 tttttttatfi
657 3029 897 3201 ttttttl
923 3051 958 3180 t
984 3031 1215 3204 tttatttssj

256 3211 440 3292 promptam
464 3211 560 3290 atque
583 3205 765 3289 expeditam
778 3205 909 3287 reperiri
923 3203 1038 3269 Latine
1060 3207 1215 3290 loquendi

257 3297 451 3360 facultatem.
487 3293 549 3357 Vel
570 3293 603 3375 ii,
626 3293 682 3377 qui
695 3292 791 3357 modo
811 3293 971 3374 abienmt,
993 3296 1031 3356 ut
1051 3314 1215 3379 nusquam

244 3377 293 3448 'in
319 3379 480 3466 loquendo
506 3381 652 3462 haerent,
679 3400 838 3462 nusquam
867 3380 1022 3464 titubant,
1052 3403 1215 3468 nusquam

333 3553 352 3620 ¹)
372 3551 418 3607 IV.
439 3557 482 3606 40.
