2656 3910
453 235 632 292 EPISTOLA
649 236 720 291 LXI.
1022 235 1058 299 8]

107 384 208 450 numi.
246 381 309 447 Sed
332 384 365 445 et
378 379 556 446 Cardinalis
570 379 632 444 Est
633 381 727 464 ensis,
751 380 846 444 simul
861 383 955 464 atque
970 380 1066 444 istino

108 472 218 555 rediit,
242 471 350 554 amplo
374 491 424 533 me
448 472 543 552 atque
566 431 742 533 honorifiob
766 490 898 532 munere
921 469 1065 533 donavit:

109 559 197 644 quod
229 579 289 644 ego
318 579 355 621 eo
383 557 487 641 magis
514 556 699 640 praedicare
732 557 849 640 gestio,
881 556 1007 642 quod
997 578 1066 640 ipse

109 652 216 712 tacere
243 667 295 708 me
321 645 424 709 iussit.
474 643 697 708 Parendumt
682 647 793 708 tamen
820 646 881 727 est,
908 665 963 726 ne,
991 645 1067 708 dum

109 738 224 820 gratus
250 733 363 798 haberi
389 733 475 816 volo,
509 754 560 796 me
592 733 640 796 illi
666 755 733 796 non
766 731 844 796 satis
871 733 1068 816 morigerum

110 822 292 923 praebeam.
339 819 402 885 Sed
429 823 462 884 et
488 841 548 905 ego
577 821 745 885 scribendo
774 820 917 884 defessus
942 823 1067 884 sumet

110 915 144 975 te
169 910 326 993 suspicor,
350 931 422 973 oum
449 909 529 972 haee
551 911 617 972 tam
642 909 774 973 verbose
802 908 922 991 scripta
943 907 1068 991 legeris,

110 999 235 1063 fessum
248 998 325 1063 fore.
352 996 442 1062 Vale.
456 995 588 1061 Romae.
602 995 683 1080 prid.
697 995 769 1060 Kal.
783 993 862 1058 Maii
875 1013 1067 1060 unnxxvm.

512 1137 672 1149 ..ιιι-ισσ-

546 1223 629 1290 LXI.

249 1442 252 1448 ·
304 1351 352 1424 11.
379 1352 621 1425 auronius
648 1351 874 1426 ursanus

392 1486 512 1542 PAULO
533 1486 698 1543 saburro
717 1486 786 1543 SUO

562 1594 584 1636 8.
597 1595 625 1634 Ι).

183 1697 264 1764 Heri
282 1699 389 1783 aooepi
413 1722 433 1763 a
454 1703 487 1764 te
509 1700 634 1765 litteras
660 1700 857 1784 reliquarum
877 1702 1007 1764 tuarum
1030 1697 1070 1762 si-

115 1788 282 1872 millimas,
312 1789 347 1852 id
374 1791 424 1852 est
449 1809 591 1852 amorem
623 1791 656 1852 et
689 1788 881 1853 suavitatem
913 1786 1001 1851 omni
1033 1807 1071 1850 ex

115 1881 210 1962 parte
233 1876 402 1958 spirantes,
446 1874 510 1939 Pro
538 1877 654 1960 quibus
678 1876 755 1960 quid
776 1877 848 1960 tibi,
872 1875 917 1940 mi
940 1877 1071 1957 sacrate,

115 1963 312 2047 respondere
326 1962 456 2045 possim,
479 1964 625 2046 equidem
646 1986 714 2029 non
735 1965 836 2030 video.
872 1962 964 2028 Nihil
986 1963 1072 2027 enim

116 2055 185 2116 iam
207 2050 331 2134 pridem
352 2049 442 2113 iubes
456 2070 507 2112 me
529 2053 586 2114 tua
608 2073 722 2116 caussa
734 2053 847 2133 faeere,
868 2073 972 2137 neque
987 2072 1072 2132 sane,

117 2143 157 2204 ut
180 2140 256 2204 sunt
277 2141 436 2221 tempora,
462 2137 566 2222 video,
595 2161 658 2224 qua
684 2141 719 2203 in
745 2161 779 2203 re
807 2159 904 2222 opera
930 2160 1002 2201 mea
1023 2138 1073 2202 uti

118 2227 234 2328 possis,
280 2224 391 2291 Sed·
365 2248 393 2290 s1
416 2225 493 2328 quid
515 2228 664 2310 evenerit,
685 2227 754 2292 noli
775 2248 893 2311 quaeso
918 2226 1073 2309 dubitare,

121 2316 200 2400 quin
222 2315 249 2378 is
273 2335 350 2399 erga
371 2318 403 2378 te
427 2315 501 2397 sim,
525 2315 599 2415 qui·
603 2315 703 2380 debeo
731 2318 764 2380 et
791 2315 846 2400 qui
869 2335 995 2397 semper
1016 2313 1072 2378 fui.

120 2402 204 2465 Mihi
229 2403 334 2485 crede,
360 2423 464 2488 neque
490 2364 523 2466 te
546 2402 717 2488 quiequam
744 2425 880 2488 usquam
903 2402 1072 2467 amabilius

123 2491 181 2570 est,
203 2510 306 2572 neque
325 2453 364 2554 tu
378 2511 571 2575 quemquam
593 2490 692 2554 habes
712 2495 822 2556 amant
822 2491 924 2574 iorem
947 2511 983 2554 ao
1007 2495 1072 2554 stu-

122 2576 294 2641 diosiorem
320 2578 377 2641 tui
430 2577 493 2642 Sed
523 2577 643 2641 haee
633 2581 718 2642 mter
748 2601 809 2644 nos
839 2600 1073 2680 supervacanea

120 2665 278 2728 videntur.
323 2663 418 2731 Mitto
442 2666 484 2729 ad
505 2669 538 2729 te
561 2665 705 2730 libellum
729 2667 897 2750 quendam,
921 2689 1015 2752 quem
1038 2668 1073 2730 in

120 2753 259 2839 gratiam
288 2753 349 2817 τοῦ
380 2749 522 2831 ἀνεψιοῦ
559 2753 679 2838 scripsi.
740 2753 821 2819 Oum
854 2755 939 2819 enim
969 2756 1074 2838 prima

120 2843 280 2906 elementa
307 2839 441 2905 Latinae
468 2841 597 2926 linguae
617 2842 655 2906 ei
685 2842 811 2905 tradere
837 2842 965 2924 vellem,
991 2842 1074 2905 nihil

119 2927 321 3011 reperiebam
344 2929 385 2991 ad
411 2932 540 3011 captum
566 2933 634 2993 tam
661 2933 789 2994 tenerae
812 2929 928 2992 aetatis
952 2949 1073 2992 aenom-

120 3015 296 3080 modatum.
340 3013 391 3078 Ea
412 3037 463 3080 res
486 3017 591 3101 coligit
612 3038 664 3080 me
693 3037 924 3098 repuerascere.
960 3015 1073 3100 Neque

119 3102 1074 3278 1111111111111111111311111111

119 3284 187 3344 tem
213 3279 249 3342 in
276 3278 431 3343 arundine
460 3281 568 3363 longa.
618 3279 669 3345 Tu
694 3280 775 3345 illud
802 3302 944 3364 carmen,
967 3283 1073 3364 quale·

120 3388 247 3451 cunque
279 3369 341 3449 est,
373 3367 448 3451 quia
474 3387 581 3429 meum
613 3371 674 3448 est,
705 3368 856 3450 libenter,
887 3371 924 3431 ut
951 3369 1075 3450 opinor,

123 3455 253 3520 videbis.
289 3453 379 3519 Vale.
401 3454 532 3519 Romae.
555 3471 624 3518 xvr.
645 3453 717 3517 Kal.
739 3453 815 3518 Deo.
838 3471 1029 3518 nnuxxvm.
1078 3495 1082 3502 κ

516 3609 675 3621 β.-

170 3656 264 3696 Musam
279 3654 330 3695 Soa.
343 3663 361 3695 s.
374 3663 398 3693 n.
846 3647 863 3694 6
