2656 3910
466 223 646 278 EPISTOLA
663 223 746 278 LXV.
1043 221 1086 286 85

132 365 247 430 studiis
266 366 346 431 meis
370 368 553 432 munusculi
570 365 724 454 parem¹),
748 366 837 449 scies,
861 365 1087 448 cumprimum

132 476 172 518 ex
199 455 315 518 litteris
343 455 408 519 tuis
438 476 565 520 omnem
593 455 675 519 iram
703 477 722 520 a
748 457 780 518 te
810 453 990 536 depositam
1018 474 1087 518 esse

133 562 323 627 cognovero.
369 539 460 612 Vale.
483 561 527 608 ιν.
550 543 622 608 Kal.
646 543 740 608 Mart
762 559 929 608 nnnxxrx.
951 540 1065 606 Roma.

531 701 689 714 m

563 805 661 873 LXV.

458 925 574 982 EIDEM
593 927 767 982 SAORATO.

202 1047 288 1115 Volo
310 1052 352 1133 te,
374 1050 420 1114 mi
438 1049 577 1135 Sacrate,
600 1053 801 1116 miseriarum
824 1073 969 1116 mearum
991 1053 1089 1134 parti·

136 1139 241 1222 cipem
271 1137 389 1202 facere:
419 1139 467 1202 ita
496 1139 582 1202 enim
610 1141 745 1204 leviores
775 1139 1036 1224 videnturfore,
1064 1139 1092 1204 si

136 1248 191 1290 eas
219 1226 255 1289 in
282 1226 468 1291 amicissimi
495 1227 636 1292 hominis
665 1229 770 1292 sinum
798 1229 983 1312 deposuero.
1028 1227 1091 1293 Ac·

136 1315 215 1379 cidit
241 1314 322 1378 mihi
344 1314 395 1379 his
418 1315 530 1380 diebus
553 1316 718 1401 quiddam,
746 1317 832 1402 quod
854 1338 905 1380 me
928 1337 1028 1400 prope
1051 1316 1092 1380 ad

136 1403 297 1466 insaniam
326 1403 448 1489 adegit:
476 1407 561 1468 certe
589 1405 716 1490 quidem
743 1406 791 1470 ita
813 1405 1029 1488 conturbavit,
1056 1407 1093 1468 ut

137 1512 304 1576 nunquam
330 1492 366 1556 in
387 1493 455 1557 vita
477 1493 719 1559 commotiorem
741 1494 841 1558 fuisse
864 1514 915 1558 me
938 1493 1091 1556 memine-

138 1579 208 1644 rim.
244 1577 349 1663 Nosti,
372 1581 496 1664 opinor,
517 1581 654 1644 facilitat
640 1585 706 1644 tem
729 1603 843 1664 meam,
866 1583 904 1654 et
916 1583 953 1644 ut
972 1601 1092 1663 omnes,

139 1667 195 1750 qui
216 1668 330 1730 notam
353 1667 448 1731 modo
472 1667 613 1749 aliquam
631 1668 842 1731 humanitatis
862 1666 1092 1750 praeseferre

139 1754 356 1836 rideanturf
346 1776 382 1818 ιιι
408 1754 637 1819 bibliothecam
664 1776 769 1818 meam
792 1754 961 1818 admittere
984 1754 1092 1837 eisque

140 1861 211 1905 mea
238 1841 347 1905 omnia
375 1841 498 1924 aperire
527 1863 565 1906 ao
591 1842 771 1944 patefacere
795 1843 925 1907 soleam.
970 1841 1093 1906 Eorum

142 1928 273 2011 quidam
300 1925 387 2012 (quis
413 1929 525 2012 fuerit,
557 1930 712 2013 suspicari
741 1952 888 2014 possum,
918 1952 977 2014 pro
1006 1933 1093 1995 certo

142 2015 311 2078 adfirmare
325 2036 394 2080 non
415 1979 562 2099 possuin)
576 2039 679 2100 nuper
702 2018 777 2081 data
799 2018 967 2083 occasione
986 2017 1095 2082 Plauti

143 2102 274 2188 librum,
300 2102 335 2166 in
364 2125 427 2188 quo
455 2105 655 2169 emendando
683 2105 799 2189 viginti
827 2106 968 2189 quinque
992 2126 1095 2170 annos

142 2193 175 2255 et
197 2212 234 2256 eo
259 2191 396 2275 amplius
419 2191 655 2277 insudaveram,
675 2192 764 2258 furto
788 2193 960 2276 subripuit:
984 2195 1017 2256 et
1030 2213 1096 2256 una

142 2301 215 2344 cum
238 2301 275 2344 eo
300 2279 381 2345 alios
404 2280 529 2383 aliquot
550 2280 659 2364 libros,
683 2303 837 2382 quorum·
841 2280 967 2344 iactura
989 2280 1095 2344 minus

142 2372 336 2452 memoret,
364 2368 440 2454 quia
468 2369 588 2434 similes
616 2370 696 2435 alios
723 2369 860 2452 pecunia
886 2390 1000 2453 parare
1023 2389 1097 2520 post

143 2477 222 2519 sum
266 2455 401 2521 Plautus
433 2479 485 2520 me
517 2458 661 2540 conficit
692 2457 826 2523 Plautus
856 2478 907 2521 me
941 2457 1034 2542 angit
1065 2459 1097 2521 ct

144 2541 319 2628 exanimat,
292 2543 443 2608 tPlaut
429 2547 481 2609 tus
504 2547 665 2630 quiescere
691 2568 834 2612 menon
861 2545 947 2610 sinit.
924 2544 1097 2609 tPerie·

143 2633 221 2694 runt
242 2633 293 2695 tot
315 2653 474 2696 annorum
492 2635 623 2698 sudores
646 2655 684 2698 ao
706 2634 849 2720 vigiliae3
877 2633 1027 2718 adempta
1049 2636 1099 2697 est

143 2719 256 2802 volupt
257 2740 305 2803 as,
329 2741 426 2820 quam
448 2722 620 2786 maximam
648 2743 687 2786 ex
712 2722 799 2786 illius
825 2722 964 2787 lectione
993 2721 1097 2805 capie-

144 2805 232 2889 bam3
264 2807 409 2890 praecisa
440 2829 514 2910 spes
546 2811 714 2894 gloriolae,
752 2831 834 2894 quae
866 2831 905 2873 ex
936 2811 987 2873 tot
1018 2808 1098 2873 locis

145 2893 323 2958 emendatis
346 2897 469 2978 sperari
490 2899 631 2980 poterat:
656 2918 753 2980 quam
773 2897 834 2961 etsi
856 2917 925 2960 non
948 2917 1098 2978 aucupor,

144 2979 251 3044 facere
272 2985 383 3044 tamen
404 3004 472 3046 non
494 3005 627 3067 possum
654 2985 733 3066 quin
756 2984 895 3066 doleam,
924 3003 996 3045 eam
1019 2983 1098 3046 mihi

145 3089 218 3132 mea
240 3068 391 3146 stultitia,
414 3070 519 3134 aliena
540 3071 748 3170 improbitate
772 3071 967 3154 subreptam.
1009 3069 1099 3134 Idem

145 3157 199 3220 ille
223 3117 423 3279 plagiariis,
455 3157 600 3244 quisquis
633 3161 695 3242 est,
732 3160 856 3242 septem
887 3158 966 3224 folia
997 3158 1099 3222 libelli

146 3241 250 3331 mei,)
279 3265 360 3329 quae
387 3247 424 3309 tu
456 3246 497 3309 ad
523 3267 575 3310 me
607 3247 754 3331 miseras,
786 3246 935 3312 abstulit:
967 3247 1003 3310 in
1035 3267 1098 3330 quo

220 3399 239 3470 ¹)
257 3399 406 3455 Dcdioavit
418 3401 543 3456 Muretus
557 3401 672 3456 Sacrato
642 3401 921 3486 tcpmmentarium
940 3401 975 3455 de
994 3399 1099 3469 origine

145 3467 220 3524 iuris.
276 3469 457 3538 ²)Comment
445 3470 510 3526 tarii
528 3471 562 3526 de
581 3472 689 3543 origine
706 3473 782 3542 iuris,
802 3489 886 3542 quem
904 3471 941 3524 ad
955 3471 1099 3524 sacratum

146 3537 271 3610 miserat,
290 3542 323 3594 ut
340 3541 478 3596 edendum
497 3546 615 3598 curaret
