2658 3914
373 871 425 950 M.
451 871 668 950 ANTONII
696 871 900 950 MURETI

621 1017 654 1058 m

195 1103 393 1172 LIBROS
424 1103 725 1172 VARIARUM
756 1103 1083 1173 LEOTIONUM

470 1245 802 1330 rainelmo

296 1372 657 1566 HIPPOLYITUllD
675 1465 975 1557 ESTENSEM‚

389 1601 612 1652 Cleomenen
634 1603 678 1652 Ao
700 1603 883 1652 PRINCIPEM

495 1689 781 1740 mnusrmssmwn

175 1775 180 1789 ¹
215 1826 452 1883 SINGULAREM
472 1827 620 1883 OMNIUM
638 1827 893 1884 HONESTARUM
911 1827 1055 1884 Andron

531 1898 745 1954 PATRONUM.

227 2040 425 2127 Magnopere
464 2063 595 2126 peccare
635 2043 716 2108 milri
756 2043 891 2128 viderer,
927 2043 1112 2130 Hippolyte,

160 2126 340 2195 Cardinalie
371 2129 606 2215 Illustrissime,
643 2131 670 2195 si
702 2131 804 2196 otium
835 2132 928 2216 illud,
964 2133 1049 2216 quod
1080 2137 1113 2198 et

160 2217 334 2301 plurimum
362 2221 395 2284 et
420 2216 684 2284 honestissimum
714 2222 771 2284 tua
801 2219 882 2284 mihi
912 2221 1111 2305 benignitate

162 2306 358 2390 conceditur,
381 2307 445 2371 alia
466 2308 532 2372 nlla
554 2327 602 2391 re,
626 2329 722 2392 quam
745 2308 924 2372 litterarum
948 2312 980 2373 et
1003 2330 1111 2373 earum

161 2394 289 2477 artium,
311 2395 426 2478 quibus
444 2399 477 2460 te
499 2396 670 2480 insigniter
684 2396 838 2462 oblectari
859 2396 960 2481 video,
983 2397 1112 2461 assidua

160 2481 352 2548 tractatione
380 2503 608 2549 consumerem.
652 2483 739 2549 Nam
766 2506 838 2550 cnm
870 2506 907 2549 ea
932 2488 965 2549 te
991 2487 1111 2568 praeci·

161 2591 223 2652 pue
251 2591 365 2634 censae
391 2572 612 2655 commoverit,
639 2575 677 2636 nt
703 2572 826 2638 editum
852 2572 932 2637 mihi
956 2573 997 2637 ad
1018 2573 1111 2638 lami·

160 2657 334 2722 liaritntem
361 2661 452 2722 tuam
479 2661 565 2724 ultro
587 2660 844 2742 patefaciendum
866 2661 1002 2744 putariS,
1026 2662 1111 2744 quod

162 2745 203 2808 ad
224 2749 257 2809 te
280 2746 318 2809 de
341 2766 414 2810 mea
436 2766 513 2832 erga
541 2748 614 2812 illas
636 2747 817 2812 incredibili
838 2748 1003 2813 voluntate
1031 2751 1111 2813 meis

160 2833 299 2898 fortasse
321 2833 448 2916 scripti·
471 2838 504 2899 et
526 2834 637 2900 amicis
661 2835 700 2900 de
717 2857 769 2900 me
790 2855 987 2899 summorum
1009 2834 1111 2899 homi·
1226 2839 1229 2847 ⁴

160 2941 240 2982 num
270 2921 431 2984 concitata
460 2922 661 2987 sermonibus
690 2922 778 2985 fama
806 2924 1008 3003 pervenerat:
1041 2923 1111 3004 quis

161 3028 213 3072 me
239 3007 407 3070 ferendum
433 3011 538 3091 putet,
566 3007 630 3072 nisi
657 3029 753 3091 qnam
781 3007 820 3070 de
846 3028 896 3070 me
927 3007 1112 3090 opinionem

160 3095 328 3182 incognito
351 3093 456 3160 adhuc
483 3099 516 3160 et
538 3096 670 3160 absente
693 3115 897 3179 conceperas,
924 3116 995 3160 eam
1021 3119 1112 3180 prae·

161 3207 236 3251 eene
262 3185 332 3270 ipse
359 3184 448 3250 omni
475 3183 581 3250 studio
609 3184 759 3268 omnique
782 3185 925 3268 corporis
953 3189 986 3250 et
1013 3186 1112 3250 animi

161 3274 368 3340 contentione
391 3272 598 3338 confirmem?
633 3272 685 3338 Ita
710 3273 809 3358 igitur
831 3273 923 3339 facio.
970 3272 1111 3350 Quarum

161 3363 278 3428 artium
301 3362 473 3448 singularis
495 3361 700 3447 pulchritudo
719 3365 861 3426 mentem
883 3383 989 3426 meam
1010 3383 1112 3446 usque

162 3471 181 3513 a
202 3472 302 3534 puero
317 3450 497 3515 admirabili
512 3451 652 3535 quodam
675 3449 724 3514 sui
743 3450 899 3514 desiderio
918 3450 1112 3533 incenderat,

161 3557 216 3600 eae
237 3559 324 3602 nunc
347 3538 474 3605 demum
496 3539 652 3604 beneficio
674 3541 732 3603 tuo
761 3538 832 3602 aliis
856 3537 1005 3603 omnibus
1028 3538 1111 3602 curis

847 3639 885 3695 8*
