2656 3910
240 167 280 230 88
561 165 740 220 EPISTOLA
757 165 869 222 LXVII.

131 373 135 382 .
238 313 306 375 risu
332 310 443 394 modo,
471 309 527 374 sed
554 309 682 393 probris
714 331 752 373 ac
783 309 935 374 conviciis
963 311 1114 376 omnibus
1147 334 1204 376 ex·
1301 286 1306 345 l

240 403 368 482 ceptum
391 399 439 462 iri.
477 396 605 472 Quanto
620 397 722 481 pluris
746 397 831 480 apud
854 401 886 460 te
906 419 976 462 esse
990 399 1095 483 debet,
1110 401 1205 483 quod

239 508 351 552 omnes
373 490 405 550 te
428 485 475 569 pii
497 507 534 550 ac
547 486 641 568 probi
663 485 856 568 laudabunt,
881 486 967 570 quod
989 508 1049 570 pro
1071 490 1105 551 te
1119 492 1205 552 vota
1301 488 1305 505 '

239 576 374 658 facient,
406 573 505 658 quod,
538 574 664 638 etiamsi
692 573 732 638 ab
763 573 948 638 hominibus
976 574 1058 638 nihil
1085 595 1204 640 conse·

240 684 351 747 quare,
374 662 402 726 is
424 662 494 744 ipse
517 661 573 746 qui
595 661 657 726 hoe
671 661 863 726 beneficium
875 661 1060 726 hominibus
1083 684 1143 747 per
1166 667 1203 728 te

240 752 385 833 praestat
405 748 507 833 Deus,
529 749 653 814 bonum
669 756 757 833 ‘opus
785 771 876 813 suum
900 749 935 813 in
957 753 990 814 te
1012 771 1202 816 remunera·

239 841 331 903 turus
355 840 412 902 est.
454 836 587 902 Summo
611 838 739 922 quidem
761 836 920 920 Pontifici,
943 838 1033 902 cuius
1056 841 1093 903 tu
1115 839 1201 904 iudi·
1300 917 1301 920 Ἴ

241 927 325 992 cium
348 927 627 1009 etauctoritatem,
650 928 687 990 ut
704 926 795 1010 facis,
817 926 949 990 maximi
972 925 1077 990 facere
1092 926 1202 1010 debes,

240 1015 321 1080 liber
343 1018 418 1079 tuus
440 1014 689 1080 iucundissimus
711 1015 787 1078 fuit:
816 1014 908 1096 eique
936 1014 964 1078 si
990 1015 1062 1097 pari
1090 1014 1202 1079 studio

241 1125 278 1168 ac
300 1103 363 1167 fide
385 1104 420 1165 in
444 1103 558 1166 ceteris
573 1102 787 1168 sacrosanctis
806 1101 897 1165 libris
910 1101 1112 1166 illustrandis
1126 1124 1201 1186 per-

520 1212 1141 1343 Β

240 1366 341 1429 fratre
365 1366 429 1428 ‘tuo
461 1299 667 1448 intelliges.g
685 1365 768 1430 Vale
804 1299 918 1450 mellae
954 1366 1075 1430 mutuis
1112 1300 1202 1450 lapiud

240 1453 346 1517 Deum
382 1452 530 1536 precibus
571 1452 697 1518 adiuva.
759 1453 891 1518 Romae.
926 1470 971 1518 1v.
1011 1452 1058 1517 ld.
1094 1452 1202 1537 April.

241 1558 409 1606 MDLXXXI.

652 1768 786 1834 rxvn.

337 1869 356 1878 ’
431 1836 480 1968 n.
507 1892 750 1968 auronius
777 1891 1001 1966 nurnrus

517 2030 639 2086 PAULO
659 2028 825 2086 SACRATO
846 2029 915 2084 SUO

689 2139 711 2180 S.
725 2139 752 2179 D.

308 2242 430 2328 Velim,
453 2245 514 2310 hoc
537 2243 617 2308 mihi
640 2241 764 2326 credas,
792 2242 922 2308 Sacrate
949 2243 994 2306 mi
1018 2243 1139 2326 optime
1166 2247 1201 2308 et

244 2333 449 2415 amicissime,
471 2354 540 2396 non
561 2335 593 2395 te
618 2330 782 2395 ardentius
810 2351 925 2414 cupere
952 2330 1079 2395 litteras
1101 2352 1200 2416 meas,

244 2442 341 2504 quam
372 2440 432 2504 ego
463 2418 503 2482 ad
532 2421 565 2482 te
596 2420 629 2481 et
659 2417 849 2482 creberrime
879 2421 912 2482 et
940 2418 1129 2503 longissime
1159 2419 1200 2483 do

244 2511 314 2572 toto
338 2527 446 2570 rerum
469 2527 613 2568 mearum
641 2509 728 2568 statu
756 2507 891 2570 scribere
919 2507 1023 2590 cupio.
1068 2505 1131 2571 Sed
1152 2506 1200 2571 ita

244 2595 346 2658 multa
360 2593 501 2678 quotidie
515 2593 743 2677 interveniunt,
758 2616 839 2678 quae
855 2615 906 2658 me
922 2595 1027 2658 varias
1041 2595 1077 2658 in
1091 2599 1200 2678 partes

244 2681 439 2764 distrahant,
461 2684 498 2746 ut
519 2681 681 2746 interdum
700 2682 753 2747 vix
775 2682 955 2766 respirandi
978 2683 1080 2746 otium
1099 2683 1200 2746 detur.

245 2769 358 2853 Itaque
382 2791 455 2834 oum
467 2769 521 2834 hic
543 2769 663 2835 amicos
678 2773 711 2834 et
732 2769 888 2852 plurimos
912 2773 945 2834 et
957 2771 1199 2853 potentissimos
1307 2825 1308 2840 ,

245 2858 391 2942 habeam,
413 2879 486 2923 cum
500 2858 609 2923 omnia
622 2857 702 2924 mihi
715 2856 777 2922 Dei
799 2859 953 2923 beneficio
967 2879 1036 2922 non
1049 2859 1144 2923 modo
1159 2858 1200 2921 ad

245 2946 419 3031 commode,
434 2947 489 3012 sed
504 2947 545 3011 ad
557 2947 644 3010 laute
659 2967 696 3010 ac
709 2947 877 3030 magnifiee
891 2947 1064 3010 vivendum
1078 2945 1200 3010 affatim

246 3038 429 3120 suppetant,
442 3057 515 3100 oum
528 3057 579 3098 me
597 3035 736 3099 libenter
750 3055 861 3098 omnes
875 3034 1015 3116 videant,
1028 3056 1102 3098 cum
1116 3033 1200 3116 apud
1307 3061 1308 3078 κ

247 3144 357 3187 omnes
372 3123 500 3186 ordines
514 3122 676 3206 gratiosus
690 3122 764 3187 sim:
781 3123 884 3187 maior
898 3143 948 3186 me
961 3124 1072 3186 tamen
1084 3122 1120 3186 in
1133 3121 1199 3185 dies

247 3209 335 3273 urbis
359 3209 490 3273 satietas
504 3209 649 3292 percipit.
685 3207 821 3283 Quando
845 3211 932 3274 enirn
945 3210 1061 3294 vivam,
1085 3211 1112 3275 si
1126 3211 1201 3293 post
1307 3267 1308 3278 ,

246 3299 297 3360 tot
328 3316 431 3359 annos
462 3295 713 3370 laboriosissime
750 3299 839 3361 actos
883 3319 925 3361 nc
967 3298 1037 3360 seni
1074 3297 1200 3381 quidem

248 3383 337 3467 quies
361 3383 428 3445 ulla
442 3381 649 3445 conceditur?
679 3380 773 3446 Alius
796 3404 847 3447 me
866 3385 991 3468 negotii
1014 3385 1064 3448 sui
1088 3405 1200 3448 caussa

248 3469 401 3533 cursitare
431 3489 490 3553 per
518 3469 631 3532 urbem
660 3467 751 3533 iubet
783 3473 815 3533 et
846 3472 942 3535 modo
973 3471 1073 3556 hunc,
1105 3472 1199 3536 modo
