2656 3910
453 240 633 297 EPISTOLA
650 243 710 297 XX.
1008 241 1051 306 27

96 384 229 450 stituere
252 384 446 450 litterarum:
469 387 514 467 ut,
529 385 657 469 quando
672 385 786 450 iisdem
798 385 866 450 fere
879 385 915 450 in
939 385 1051 450 studiis

94 474 243 538 nostrum
266 475 401 557 uterque
422 476 580 556 versatur,
608 473 636 538 si
659 473 791 558 quidet
776 474 933 539 tbellum
956 475 1053 557 atque

95 561 284 645 eleganset
310 582 378 625 non
405 561 536 647 vuigare
563 582 668 645 neque
694 562 881 646 protritum,
904 562 993 640 dum,
1016 564 1054 625 ut

94 647 277 749 longinqua
307 648 432 733 littora,
464 650 511 713 ita
542 652 687 715 veterum
719 649 839 734 scripta
868 611 1052 734 lustrarirus,

94 733 252 820 reperisse
274 736 466 820 videbimur,
488 736 553 801 id'
543 759 579 801 ιιι
602 759 771 803 commune
795 737 1053 803 conferamust
1021 740 1053 802 et

95 825 180 888 alter
207 845 279 889 cum
307 826 408 890 altero
436 826 717 891 communicemus
761 824 834 890 Hoc
862 826 977 890 fecisse
1000 847 1052 890 ve·

95 915 183 976 teres
205 911 292 997 illos,
315 935 394 997 quos
417 915 492 979 eudo
514 915 607 992 caelo,
637 917 674 977 ut
697 911 846 980 Cicero
836 909 1053 999 1n1egibus1)

94 1000 248 1083 loquitur,
271 1003 381 1064 mette
404 1001 551 1081 locarunt,
573 1001 806 1086 Hippocratem
820 999 922 1065 Ooum
946 1003 978 1064 et
991 999 1054 1064 Dc-

95 1086 270 1152 mocritum
309 1086 500 1171 Abderiten,
539 1089 709 1155 Platonem
749 1088 982 1153 Atheniensem
1022 1091 1055 1152 et

97 1174 312 1239 Tarentinum
339 1174 530 1260 Archytam:
562 1180 632 1241 tum
660 1197 677 1241 e
704 1177 824 1242 nostris
856 1174 1054 1262 (quanquam

96 1264 172 1328 illos
195 1285 322 1348 quoque
345 1265 457 1349 quidni
479 1268 609 1331 nostros
631 1285 745 1332 vocare
772 1263 904 1352 liceat?)
929 1265 984 1330 sed
1006 1268 1053 1329 t

97 1373 174 1416 men
197 1374 236 1416 ex
257 1352 335 1432 illis,
364 1374 446 1437 quos
468 1353 617 1419 usitatius
640 1357 770 1420 nostros
794 1354 942 1438 dicimus,
968 1353 1054 1417 idem

98 1440 185 1504 inter
208 1461 241 1505 se
256 1402 475 1507 Ciceronem
465 1464 581 1527 1psum,
603 1405 958 1529 Nigidium,tAtticuri1,
971 1440 1052 1506 Var-

99 1549 212 1592 ronem
243 1527 409 1594 factitasse
437 1531 515 1595 satis
538 1531 683 1615 aperte
673 1552 818 1615 rpsorum
845 1492 1055 1595 monuinenta

100 1616 272 1680 declarant
250 1616 448 1718 tQuorurn
471 1638 531 1702 ego
554 1619 744 1702 exemplum,
767 1617 955 1701 quantum
945 1639 981 1681 m
1003 1638 1055 1680 me

100 1707 162 1787 est,
184 1725 339 1770 renovare
362 1705 508 1806 cupiens,
536 1704 577 1768 ad
599 1705 683 1769 hanc
705 1709 738 1768 te
761 1705 961 1786 societatem,
987 1701 1054 1767 Ho-

99 1754 178 1875 rati,
199 1813 294 1858 voco:
317 1814 413 1877 quam
436 1791 500 1856 nisi
522 1791 657 1878 refugis,
684 1814 752 1857 non
780 1791 891 1857 dubito
914 1791 997 1874 fore,
1019 1794 1056 1854 ut

101 1901 141 1944 ex
156 1879 346 1961 caprimum
358 1883 492 1964 uterque
506 1883 662 1966 nostrum,
675 1880 790 1944 deinde
803 1881 902 1944 etiam
911 1879 975 1962 alii,
988 1901 1057 1944 non

102 1986 215 2030 eorum
237 1965 343 2048 modo,
365 1967 420 2050 qui
442 1987 528 2030 nunc
551 1971 640 2051 sunt,
662 1968 718 2033 sed
741 1969 916 2052 etiam,ut
878 1967 1055 2032 utHome-

102 2053 170 2118 rico
202 2052 300 2116 verbo
331 2015 418 2135 irtar,
448 2053 516 2117 τῶν
547 2017 733 2136 ὀψιγόνων,
762 2057 791 2119 si
820 2077 888 2120 non
919 2075 1056 2141 magnos

68 2179 72 2198 .
104 2143 200 2224 atquc
223 2139 346 2225 uberes,
369 2102 493 2226 aliquos
515 2143 627 2206 tamen
649 2143 821 2226 aliquando
838 2143 970 2226 capiant
990 2143 1056 2206 fru-

103 2232 183 2294 ctus.
210 2227 291 2293 Eius
314 2232 430 2314 autem,
452 2229 516 2295 nisi
537 2230 598 2293 tibi
621 2241 712 2295 secus
734 2229 869 2314 videtur,
891 2251 947 2294 eae
968 2230 1058 2313 leges

104 2339 142 2382 ac
163 2318 329 2401 pactiones
352 2321 454 2383 amnt
499 2317 655 2403 Primum,
677 2322 715 2382 ut
736 2280 890 2403 quidquid
912 2316 1058 2382 alterutri

103 2408 252 2471 nostrum
275 2428 521 2491 quocunquem
544 2407 698 2490 scriptore
720 2407 854 2491 antiquo
877 2405 1058 2490 occurrerit,

104 2494 191 2578 quod
214 2497 270 2558 aut
292 2495 336 2558 sit
357 2495 533 2560 autvideat
518 2498 571 2560 tur
585 2496 764 2580 obscurum,
787 2495 982 2580 ambiguum,
1005 2494 1058 2559 de·

103 2585 288 2668 provatum,
310 2581 349 2646 dc
372 2603 410 2648 eo
433 2586 471 2647 ut
491 2584 554 2667 ipsi
576 2583 708 2649 alterius
735 2585 928 2648 sententiam
950 2583 1058 2667 exqui-

104 2692 175 2736 rere
202 2669 253 2735 ius
279 2670 392 2756 fasque
415 2671 465 2736 sit.
510 2671 635 2736 Deinde
657 2674 695 2736 ut
716 2672 757 2754 is,
780 2671 835 2755 qui
865 2671 1059 2737 sententiam

104 2759 282 2844 rogabitur,
304 2780 339 2823 re
353 2759 525 2846 diligenter
546 2760 717 2845 pensitato,
732 2781 804 2824 cum
818 2760 929 2825 amicis
953 2760 1059 2840 etiam,

6 2847 22 2864 ”
106 2849 135 2912 ai
156 2847 329 2928 videbitur,
356 2848 603 2932 communicata,
631 2846 785 2932 quidquid
814 2850 872 2912 aut
893 2846 1059 2912 commode

106 2935 250 3019 cogitare
272 2936 342 3018 ipse
365 2938 421 3000 aut
434 2957 472 3000 ex
491 2937 562 3000 aliis
577 2936 733 3019 expiscari
754 2935 905 3018 potuerit,
928 2934 1060 3018 aperiat.

106 3023 201 3106 Tum,
222 3025 259 3086 ut
281 3043 309 3086 ιι
300 3022 468 3086 alterutri
491 3023 598 3106 aliqua
620 3022 751 3086 alterius
766 3020 875 3103 opinio
897 3041 965 3084 non
987 3041 1059 3102 pro·

106 3073 247 3196 habitur,
268 3109 405 3175 liberum
419 3130 448 3174 er
439 3110 664 3194 solutumque
685 3109 736 3192 sit,
750 3128 888 3192 caussas,
911 3129 967 3172 cur
989 3128 1060 3172 eam

106 3221 176 3264 non
197 3201 325 3283 probet,
348 3219 520 3283 exponere,
542 3197 633 3283 isque
656 3198 710 3282 qui
732 3195 982 3281 reprehendetur
1004 3199 1061 3260 aut

6 3355 9 3374 ,
107 3287 216 3372 potius
239 3287 470 3371 admonebitur,
492 3308 559 3352 non
572 3287 668 3352 modo
691 3307 758 3351 non
771 3285 855 3350 laedi
878 3305 912 3349 se
935 3306 972 3349 ao
993 3284 1061 3350 vio

107 3378 201 3444 lari
190 3400 227 3444 ιιι
240 3398 288 3460 eo,
309 3338 531 3442 verumetiam
548 3375 738 3441 beneficium
761 3372 823 3439 sibi
839 3373 939 3437 tribui
960 3374 1061 3456 putet.

183 3568 203 3634 ¹)
222 3569 255 3623 Π.
275 3574 299 3625 8.
320 3574 361 3624 19.
