2656 3910
457 239 636 295 EPISTOLA
654 239 724 294 LIX
1025 237 1066 303 75

107 384 149 448 de
181 383 265 446 oraui
294 382 436 447 barbarie
466 382 704 472 trumphantem
735 384 925 464 repleremur.
985 383 1066 448 Vale.

107 469 218 536 Datus
243 469 370 536 Patavii
390 469 462 534 ΙΙΙ.
495 453 580 535 11011.Ι
603 470 765 551 rammi,
791 491 875 536 anno
896 475 971 554 post
989 491 1067 553 pur-

110 563 180 622 tum
208 557 346 640 Wryiais
367 575 559 623 nunxxvm.

510 770 670 780 ψ

550 909 634 975 LIX.

194 1031 544 1107 ORNATISSIMAE
571 1033 632 1106 AO
659 1033 994 1108 NOBILISSIMAE

346 1166 565 1224 SODALITATI
584 1166 842 1224 GERMANORUM

139 1273 181 1330 IN
200 1272 342 1330 SOHOLA
359 1273 549 1328 PATAVINA
568 1273 901 1329 IURISPRUDENTIAE
920 1271 1053 1329 STUDIA

487 1378 703 1435 consumunt

374 1484 412 1540 M.
431 1484 618 1540 ANTONIUS
637 1484 813 1540 MURE'I'US

562 1591 584 1632 S.
598 1592 625 1632 Ι).

184 1696 294 1762 Tertio
316 1695 394 1760 Idus
417 1695 575 1778 Ianuarii,
602 1715 675 1757 eum
696 1695 763 1758 iam
786 1695 1072 1794 advesperasceret,

118 1805 216 1868 ecee
217 1807 229 1848 1
258 1785 384 1848 litteras
413 1786 552 1865 vestras,
580 1781 643 1845 hoe
673 1785 723 1846 est
750 1802 789 1845 eo
815 1781 886 1865 ipso
914 1781 979 1864 die,
1009 1803 1072 1864 quo

117 1872 280 1937 tabellarii
306 1870 440 1971 publiei,
470 1870 525 1969 qui
552 1870 646 1934 stetis
674 1869 785 1933 diebus
812 1869 889 1932 hine
916 1831 1072 1933 Veiretias

119 1962 208 2041 eunt,
230 1958 323 2020 iter
313 1957 490 2040 mgressuri
513 1961 618 2020 erant:
641 1977 705 2040 quo
727 1956 850 2020 factum
872 1959 930 2040 est,
952 1960 990 2020 ut
1009 1961 1072 2021 ste·

119 2046 181 2109 tim
199 2008 391 2128 iespondere
411 2064 479 2108 non
496 2043 665 2126 potuerim.
697 2042 933 2108 Postridiet
876 2046 933 2108 aut
934 2065 983 2109 em
1004 2045 1072 2108 eius

122 2131 185 2196 diei
215 2132 350 2197 conveni
378 2132 524 2216 legatum
549 2129 723 2213 Venetum,
752 2134 789 2194 ut
818 2151 857 2194 ex
886 2151 924 2195 eo
954 2152 1072 2215 eogno-

122 2241 257 2304 seerem,
278 2241 357 2284 num
380 2219 457 2304 quid
478 2220 514 2283 in
536 2217 698 2283 mandatis
719 2217 887 2282 habuisset
908 2239 947 2281 ea
969 2219 1008 2282 de
1030 2239 1073 2300 re,

122 2309 160 2372 de
179 2330 243 2392 qua
262 2329 319 2372 vos
338 2307 378 2372 ad
395 2327 448 2372 me
466 2306 685 2371 amantissime
704 2309 737 2369 et
750 2269 1073 2370 honorificentissimi

123 2396 330 2479 scripseratis.
379 2394 520 2481 Negavit
546 2396 721 2479 quidquam
748 2394 789 2457 ed
817 2396 893 2458 eet
878 2393 943 2457 tale
970 2396 1074 2458 auta

122 2482 310 2547 'Itiumviris
332 2486 390 2547 aut
411 2504 431 2546 a
454 2504 616 2567 quoquam
639 2483 702 2548 alio
725 2483 881 2565 seriptum
904 2479 1074 2546 esse.le

123 2591 187 2654 quo
215 2570 309 2634 facile
338 2571 518 2654 intelligere
547 2571 684 2654 potestis
713 2591 781 2635 non
807 2573 934 2634 tantam
960 2569 1073 2633 haberi

122 2656 368 2723 honestissimae
389 2659 565 2722 voluntatis
582 2661 708 2724 vestrae
726 2658 895 2740 rationem,
918 2659 1072 2740 quantam

123 2743 1072 2916 ttrittttffltttttttttltttttttt

122 2921 159 2984 in
171 2919 278 2984 Gallia
298 2921 395 3005 viget,
416 2920 509 2985 Italis
530 2941 599 2985 non
620 2922 758 3002 plaeere:
781 2920 842 2983 etsi
864 2938 926 3003 ego
945 2918 1072 3002 quidem

123 3009 158 3071 in
184 3005 246 3070 hae
267 3007 361 3090 urbe,
388 3028 461 3071 eum
483 3007 584 3071 libros
606 3005 816 3089 Digestorum
837 3006 1075 3087 interpretarer,

124 3094 299 3159 multorum
331 3094 438 3159 studia
469 3114 705 3159 eommoveram
733 3093 862 3176 iamque
890 3091 970 3155 illud
999 3112 1073 3156 con-

124 3185 250 3247 secutus
271 3203 368 3267 eram,
390 3186 428 3247 nt
445 3181 590 3266 plerique
607 3181 752 3264 istorum,
776 3181 831 3264 qui
849 3200 968 3264 magno
987 3180 1074 3244 fastu

123 3269 208 3353 illas,
231 3291 311 3355 quas
332 3291 391 3335 vos
412 3271 528 3335 merito
556 3269 761 3352 aversamini,
788 3269 926 3352 ineptias
950 3269 1075 3348 docent,

125 3357 184 3421 soli
212 3359 248 3421 in
277 3357 395 3422 scholis
423 3359 688 3442 relinquerentur.
737 3355 851 3440 Itaque
879 3356 1009 3440 quidam
1036 3376 1074 3417 ex

125 3444 169 3508 eis
197 3445 347 3510 adierunt
368 3445 558 3511 Pontificem
581 3466 618 3509 ae
646 3466 719 3509 eum
741 3466 780 3509 eo
803 3451 953 3527 egerunt,
975 3445 1011 3504 ut
1033 3461 1074 3503 ne

124 3553 174 3596 me
201 3533 291 3598 illam
320 3533 455 3597 docendi
482 3532 562 3596 iuris
584 3533 744 3597 rationem
765 3536 876 3595 tenere
898 3532 1074 3613 pateretur,
