2658 3914
494 226 612 281 CAPUT
632 226 717 280 XVII.
1022 223 1082 287 141

131 370 208 436 Ηοο
226 371 265 435 de
289 371 527 454 sapientissimo
546 373 642 453 potita
661 369 848 453 Theognide
867 368 1085 452 cognovimus,

131 459 220 524 cuius
243 459 323 522 haec
346 463 422 522 sunt
431 457 469 542 1ε)

176 582 314 645 Μοῦσαι
329 579 383 645 καὶ
399 577 549 663 Χάριτες,
563 579 683 664 κοῦραι
694 573 789 684 Acts,
804 577 842 641 αἵ
852 599 931 642 ποτε
942 573 1086 661 Κάδμου

240 663 292 744 Ἐς
314 666 423 778 γάμον
447 667 618 750 ἐλθοῦσαι,
641 663 745 732 καλὸν
767 659 886 730 ἀείσατ’
913 667 998 740 ἔπος.

168 750 256 820 “Osca
270 752 374 820 καλὸν
388 755 516 864 φίλονὲ
500 754 578 835 ἐ,στὶ
592 780 629 821 το
616 750 669 820 δ’
683 779 724 819 ον
713 749 837 818 ααλον
847 776 889 817 ου
878 747 1000 836 φίλον
1010 751 1086 818 ἐστί

248 838 384 907 Τοῦτ’”
366 867 443 920 επος
465 805 647 909 ἀθανάτων
669 832 754 926 ἦλθε
778 836 833 906 διὰ
857 837 1038 923 στομάτων.

133 965 219 1032 Nam
243 967 284 1031 ad
305 967 378 1030 illas
400 969 532 1050 nuptias
555 968 680 1032 venisse
703 966 807 1048 divos,
829 967 968 1028 testatur
990 966 1088 1028 etiam

134 1054 337 1137 Euripides
328 1076 363 1118 rn
385 1051 620 1140 Phoenissis)

172 1172 364 1286 Ἁρμονίας
374 1173 414 1240 δέ
433 1169 501 1240 ποτ’
527 1177 574 1252 είς
597 1169 777 1260 ὑμεναίους

172 1253 302 1329 Ηλθον
326 1257 513 1348 οὐρανίδαι.

136 1386 198 1452 Sed
221 1391 254 1452 et
240 1386 458 1452 tHeilanicus
482 1389 516 1452 et
534 1385 750 1470 Apollodorus
757 1383 783 1471 3)
801 1384 912 1450 Musas
936 1385 1088 1450 cecinisse

134 1476 169 1539 in
201 1476 323 1558 nuptiis
351 1474 477 1558 Cadmi,
504 1476 544 1539 ad
572 1496 688 1558 easque
716 1474 903 1539 convenisse
933 1473 1023 1538 divos
1056 1476 1089 1538 et

135 1584 237 1628 novae
260 1565 380 1644 nuptae
403 1583 538 1626 munera
561 1563 716 1627 obtulisse
740 1560 942 1643 scripserant

483 1785 627 1853 CAPUT
648 1785 753 1852 XVII.

218 1906 371 1973 assicia
389 1905 544 1973 scorias
562 1907 623 1965 Dra
644 1906 756 1962 ciacrr
776 1905 1014 1962 scarsaairrr.

205 2029 300 2095 Falsa
326 2032 500 2096 multorum
529 2031 655 2098 animos
684 2031 852 2115 occupavit
885 2030 1008 2116 opinio,
1040 2052 1090 2095 ve·

138 2123 223 2183 teres
253 2118 352 2183 semel
377 2121 506 2183 tantum
533 2120 583 2184 die
611 2120 717 2184 cibum
751 2119 934 2202 sumpsisse.
980 2118 1091 2202 Quam,

140 2209 286 2291 utputo,
310 2210 525 2292 conceperunt
547 2228 564 2271 e
587 2207 692 2272 verbis
716 2206 871 2288 Platonis,
901 2207 956 2292 qui
978 2207 1013 2270 in
1035 2207 1092 2271 illa

139 2295 241 2361 nobili
277 2295 413 2378 epistola
430 2292 459 2381 4)
495 2295 555 2379 ait,
596 2294 794 2379 displicuisse
831 2293 905 2378 sibi,
942 2292 1027 2378 quod
1057 2295 1092 2358 in

140 2381 249 2448 Sicilia
271 2383 320 2446 bis
344 2383 394 2448 die
419 2384 520 2448 saturi
541 2384 663 2449 fierent.
704 2380 766 2448 Sed
789 2382 876 2446 aliud
899 2385 956 2465 est,
980 2403 1092 2465 capere

140 2470 256 2552 cibum,
279 2470 366 2534 aliud
390 2470 624 2554 ἐμπίπλασθαι.
654 2471 727 2556 Ego
741 2471 777 2535 in
790 2469 984 2536 Graecorum
998 2468 1092 2536 Com-

141 2558 307 2622 mentariis
340 2559 465 2643 reperio
497 2563 609 2644 quater
637 2559 687 2624 die
718 2559 806 2643 ipsos
839 2559 911 2624 cibo
941 2580 978 2623 ac
1013 2562 1093 2644 potu

141 2666 257 2729 corpus
289 2645 417 2710 reficere
451 2647 526 2711 solit
512 2651 577 2712 to:s
610 2647 695 2732 quod
727 2648 824 2712 etiam
855 2646 950 2712 hodie
982 2648 1092 2712 multis

141 2733 219 2796 locis
241 2733 279 2797 fir
302 2734 387 2817 apud
410 2735 565 2817 quasdam
591 2736 809 2819 transalpinas
831 2735 989 2800 nationes.
1024 2734 1092 2799 Pri-

141 2841 230 2883 mum
254 2821 381 2903 quidem
395 2820 544 2887 diluculo
578 2822 616 2887 Id
639 2823 800 2887 vocabant
821 2816 1025 2905 incarceratis
1038 2825 1094 2886 aut

142 2899 340 2988 άκράτισμαι
369 2906 453 2991 quod
474 2929 543 2973 non
575 2909 720 2990 dilutum,
748 2908 803 2972 sed
825 2929 957 2990 merum,
984 2910 1022 2970 ut
1048 2909 1095 2972 ait

142 2990 349 3079 Ausonius)
362 3014 485 3057 merum
494 2995 655 3058 biberent
670 2999 727 3058 aut
736 2995 832 3059 etiam
843 2989 1093 3077 διανηστισμον

142 3100 239 3164 quam
261 3100 372 3144 vocem
394 3101 459 3146 una
482 3103 555 3147 cum
576 3102 611 3147 re
625 3082 696 3167 ipss
708 3085 869 3146 nostrates
883 3082 1093 3148 retinuerunt.

217 3251 237 3321 ¹)
255 3271 281 3308 v.
302 3258 344 3308 15.

214 3321 279 3424 ¹)v.
299 3329 359 3380 828.

215 3392 388 3461 ⁸)Bibl.111.
407 3400 432 3448 4.
451 3400 477 3450 2.

212 3460 480 3543 ὋἩΡΜΒ

214 3529 350 3602 ⁶)Epigr.
368 3533 428 3588 XX.
450 3541 490 3588 12
