2656 3910
471 197 651 254 EPISTOLA
669 198 790 254 LXXIV.
1046 205 1111 270 103

155 342 262 408 ciendi
285 340 390 407 omnis
408 343 488 408 mihi
507 363 579 426 spes
593 345 689 427 plane
702 345 847 426 praecisa
862 345 912 410 sit.
944 344 1111 432 Equidem,

156 432 187 494 si
208 431 317 514 paullo
340 431 447 495 minus
470 437 568 495 senex
590 452 701 514 essem,
723 453 790 496 non
809 432 964 497 ambirem
983 435 1110 517 quidem

157 519 256 582 istum
292 519 425 583 honoris
462 519 612 603 gradum,
649 519 794 584 conscius
831 519 911 584 mihi
942 523 1110 586 tenuitatis

158 627 258 689 meae,
281 607 337 671 sed
359 606 443 670 ultro
467 606 608 670 delatum
631 607 699 672 sine
722 607 789 671 ulla
803 607 1031 674 detrectatione
1046 612 1109 674 avi-

157 693 290 759 dissime
323 695 503 777 arriperem.
558 693 654 759 Nunc
686 716 783 778 quam
820 717 871 760 me
907 697 1027 761 multae
1059 719 1110 763 res

158 782 338 865 impediam
360 803 401 845 ne
429 783 462 847 id
485 782 590 847 facere
611 783 747 866 possim,
769 781 849 848 vide.
890 782 966 848 Vixi
988 785 1110 850 Romae

160 890 262 934 annos
284 871 358 953 plus
381 870 487 934 minus
510 888 602 953 xxlv,
626 890 688 954 quo
711 873 781 935 toto
795 874 940 954 tempore
953 874 1111 956 prolixam

158 959 193 1020 et
214 979 409 1042 propensam
431 977 508 1042 erga
530 979 581 1022 me
605 959 723 1041 agnovi
746 960 779 1022 et
800 958 835 1022 P.
854 958 892 1023 R.
915 962 950 1024 et
971 981 1110 1026 summo·

159 1067 232 1108 rum
254 1045 446 1110 Pontificum
469 1047 675 1110 voluntatem.
707 1044 881 1128 Praecipue
905 1049 1012 1111 autem
1033 1047 1110 1113 Gre-

158 1133 269 1218 gorius
292 1151 362 1199 xm
389 1133 539 1198 Pontifex
567 1133 607 1196 ad
634 1133 716 1197 bene
743 1134 930 1198 merendum
956 1134 995 1198 de
1023 1137 1111 1200 omni

159 1220 301 1286 humano
330 1242 447 1306 genere
473 1224 583 1304 natus,
614 1221 661 1284 ita
687 1241 738 1285 me
764 1224 920 1304 perpetuo
948 1223 1042 1307 fovit,
1073 1245 1111 1287 ea

157 1312 211 1372 est
233 1310 365 1374 caritate
388 1309 586 1393 complexus,
608 1310 654 1391 ut,
677 1309 705 1373 si
727 1309 807 1373 mihi
830 1310 897 1374 vita
919 1331 978 1394 pro
1002 1332 1040 1376 eo
1061 1333 1110 1375 re-

159 1397 323 1461 fundenda
359 1398 413 1481 sit,
449 1398 572 1462 nullam
607 1401 716 1462 tamen
752 1397 979 1464 beneficiorum
1008 1399 1110 1482 ipsius
1173 1431 1175 1436 ·

159 1505 238 1569 erga
263 1506 315 1549 me
342 1490 468 1570 partem
493 1483 603 1550 ridear
629 1488 862 1551 consecuturus.
912 1485 982 1562 Quo
1011 1487 1111 1571 igitur

158 1593 224 1655 ore,
248 1573 302 1656 qui
323 1594 426 1657 nuper
448 1574 489 1639 ab
513 1595 560 1656 eo,
582 1576 619 1637 ut
640 1577 809 1637 veteranus
833 1574 973 1638 emeritis
991 1575 1110 1659 stipen-

161 1659 231 1743 diis,
254 1661 441 1726 missionem
464 1664 498 1725 et
518 1661 666 1745 petierim
685 1664 718 1724 et
734 1661 981 1745 impetraverim,
1002 1666 1110 1745 peiere

159 1747 201 1812 ab
234 1749 345 1812 eodem
378 1750 525 1832 audeam,
559 1752 594 1812 ut
624 1768 675 1811 me
702 1749 785 1812 istuc
811 1749 919 1813 venire
945 1750 1110 1832 patiatur?

160 1835 215 1900 An
236 1837 434 1918 poenituisse
455 1859 508 1901 me
531 1837 644 1919 dicam,
668 1840 824 1920 quantum
846 1836 926 1900 mihi
946 1837 1111 1902 honorarii

161 1923 291 1987 nomine
323 1925 496 2008 quotannis
526 1924 739 2008 penderetur?
790 1922 994 2009 Septingenti
1024 1927 1111 1991 aurei

160 2010 265 2073 numi:
296 2016 450 2095 quantum
477 2034 586 2094 nemo,
614 2012 742 2096 opinor,
770 2015 844 2076 ante
871 2034 936 2095 me,
969 2014 1024 2097 qui
1050 2015 1111 2079 hoo

160 2097 341 2162 litterarum
371 2120 472 2182 genus
498 2101 714 2183 profiteretur,
742 2100 873 2183 accepit.
922 2100 967 2164 Et
992 2104 1111 2185 tamen,

161 2185 189 2249 si
213 2206 251 2249 ea
273 2207 323 2250 me
346 2207 397 2252 res
416 2188 577 2272 movisset,
599 2187 680 2252 nihil
693 2187 818 2254 facilius
834 2191 910 2270 erat,
934 2209 1031 2272 quam
1045 2189 1110 2252 effi-

161 2293 244 2357 cere,
271 2277 308 2338 ut
334 2274 375 2338 ad
401 2297 473 2340 eam
500 2297 658 2340 summam
685 2275 805 2360 aliquid
827 2275 1003 2339 adderetur.
1048 2274 1111 2339 Sed

161 2360 286 2444 demus,
318 2363 439 2447 aliquid
465 2368 575 2428 tamen
602 2384 734 2428 caussae
760 2363 892 2447 reperiri
920 2383 1028 2446 posse,
1055 2384 1111 2428 cur

162 2449 217 2532 qui
252 2448 374 2514 Romae
411 2452 549 2535 amplius
586 2448 697 2516 dooere
729 2451 900 2534 noluerim,
936 2449 1110 2535 Bononiae,

161 2538 307 2620 quamvis
335 2538 463 2602 eosdem
490 2538 616 2603 labores
644 2539 828 2623 suscipiam,
855 2560 922 2604 non
953 2560 1110 2604 recusem:

162 2624 247 2707 quid,
270 2625 356 2710 quod
378 2645 416 2689 ea
438 2625 588 2710 migratio
612 2626 681 2691 sine
699 2627 863 2692 luculento
881 2627 928 2692 rei
942 2628 1109 2692 familiaris

161 2710 352 2778 detrimento
375 2735 395 2778 a
417 2735 468 2778 me
490 2714 560 2778 fieri
581 2735 649 2778 non
671 2715 799 2797 potest?
835 2713 898 2778 Hic
920 2715 955 2778 in
978 2715 1109 2780 aedibus

160 2800 240 2864 meis
271 2822 339 2866 non
371 2801 536 2867 commode
566 2805 707 2884 tantum,
739 2802 795 2866 sed
827 2801 924 2865 etiam
951 2822 1010 2884 pro
1038 2823 1110 2866 meo

160 2891 257 2969 captu
280 2890 443 2972 splendide
466 2889 587 2954 habito.
618 2889 696 2954 Istic
718 2909 777 2971 pro
796 2887 928 2952 aedibus
942 2889 1110 2970 pendenda

161 2995 281 3040 merces
309 2977 382 3059 erit,
415 2976 622 3041 distrahenda
649 2976 806 3058 supellex,
830 2978 863 3037 et
886 2995 967 3058 quae
989 2995 1109 3059 magno

160 3066 270 3146 empta
292 3067 375 3146 sunt,
398 3063 454 3128 vili
477 3062 661 3145 addicenda3
685 3062 820 3126 emenda
837 3059 1004 3126 Bononiae
1017 3083 1110 3146 nova,

161 3151 282 3215 maiore
313 3151 461 3216 fortassis
493 3149 611 3234 pretio,
642 3171 704 3214 usu
729 3149 867 3232 minore,
900 3152 1047 3233 sumptus
1075 3150 1110 3214 in

160 3237 273 3302 itinere
302 3243 334 3304 et
359 3241 395 3304 in
416 3240 572 3305 librorum
594 3258 738 3303 meorum
761 3237 940 3322 gestatione
963 3238 1110 3303 faciendi.

160 3324 308 3390 Trecenti
340 3329 429 3392 aurei
460 3328 565 3411 numi,
601 3348 682 3412 quos
713 3327 794 3392 mihi
826 3326 928 3392 otioso
961 3325 1111 3391 Pontifex

159 3414 299 3495 persolvi
320 3415 422 3480 voluit
445 3416 617 3499 quotannis
641 3436 680 3480 ex
703 3436 741 3480 ea
761 3416 835 3498 ipsa
856 3414 1006 3497 pecunia,
1030 3434 1111 3498 quae

160 3499 199 3564 iis
242 3500 296 3584 qui
332 3504 459 3585 publice
500 3505 535 3568 in
575 3504 654 3568 urbe
691 3503 806 3568 docent
847 3502 1018 3587 adsignata
1054 3502 1112 3582 est,
