2658 3914
236 171 298 234 168
604 173 688 227 VAE.
707 171 811 229 Lacr.

235 315 409 378 concrescit
431 314 466 378 in
488 314 595 380 nivem
618 315 731 379 autin
754 314 899 400 glaciem,
922 337 1003 400 quae
1025 317 1135 399 partes
1158 315 1203 380 in

235 423 272 466 eo
305 401 487 466 subtiliores
519 423 556 466 aa
581 403 745 467 tenuiores
773 407 861 486 sunt,
894 423 948 467 eas
975 403 1011 468 in
1036 403 1093 468 illo
1121 403 1202 486 ipso

235 510 419 573 compressu
447 510 633 555 evanescere
660 511 698 555 ac
725 490 841 556 difflari
862 511 993 556 necesse
1016 494 1078 573 est,
1106 490 1204 556 solas

236 580 344 641 autem
370 598 499 641 manere
527 577 698 644 crassiores
725 582 759 643 at
788 578 1047 663 ponderosiores,
1073 576 1107 642 id
1134 581 1202 662 est,

234 664 348 834 tlt
364 685 481 837 tlt
495 665 1200 838 llttlt⁰gss1iq333ttul⁰ttttttt

237 839 403 924 dissolvat,
430 840 536 906 minor
562 841 676 906 modus
699 862 814 925 aquae,
842 863 939 925 quam
962 843 1057 906 antea
1077 840 1201 924 fueret,

236 927 420 1011 reperietur.
456 926 547 1004 Quod
570 932 760 1012 argumento
774 931 837 1011 est,
859 929 895 992 in
911 928 969 992 illa
991 928 1201 993 concretione

236 1017 361 1100 partem
384 1016 524 1100 aliquam
547 1017 665 1082 abiisse
688 1037 726 1080 ac
748 1017 937 1099 dissipatam
960 1037 1038 1080 esse.
1087 1013 1198 1081 Nocet

236 1103 336 1188 igitur
357 1104 545 1186 corporibus
568 1125 634 1170 non
656 1107 724 1168 tam
751 1104 871 1188 frigore
898 1103 969 1187 ipso
993 1125 1090 1188 quam
1108 1123 1197 1168 cras·

237 1191 376 1255 situdine
398 1213 436 1255 ac
457 1192 606 1275 pondere.
651 1191 764 1276 Itaque
783 1191 910 1256 etiamsi
933 1190 1088 1256 dissoluta
1111 1191 1196 1254 cale-

237 1279 306 1361 fiat‚
329 1299 429 1362 aeque
451 1279 547 1342 noxia
570 1279 639 1343 erit.
671 1277 742 1344 Hoc
764 1279 886 1363 vitium,
909 1279 994 1362 quod
1016 1277 1197 1344 maximum

238 1368 300 1448 est,
322 1365 363 1429 ab
386 1364 460 1449 hac,
483 1387 547 1450 qua
569 1387 629 1451 ego
652 1367 739 1449 utor,
763 1367 875 1432 abesse
897 1369 982 1430 certe
1005 1366 1102 1431 vides.
1130 1363 1197 1430 His

238 1452 331 1517 dietis
354 1455 387 1516 et
412 1473 447 1516 re
477 1454 572 1536 paulo
596 1454 774 1519 accuratius
802 1455 1003 1519 considerata
1025 1453 1197 1537 acquievit.

237 1539 276 1604 ln
299 1540 411 1606 eodem
434 1545 541 1605 autem
562 1541 619 1606 illo
632 1541 789 1606 Macrobii
808 1542 879 1607 loco
901 1541 1074 1606 leviuscule
1096 1562 1196 1624 quae-

238 1628 312 1693 dam
334 1632 500 1712 praeterea
522 1651 561 1694 ex
583 1631 699 1711 veteris
722 1630 796 1694 libri
821 1630 883 1694 fide
907 1650 926 1692 a
948 1649 1000 1693 me
1023 1628 1197 1693 emendata

238 1719 337 1780 erant.
386 1715 471 1781 Nam
499 1717 555 1781 ubi
585 1718 704 1802 legitur
734 1738 811 1799 quoe
842 1722 887 1782 est
920 1717 1095 1798 corpulenta
1120 1722 1197 1798 post

238 1809 362 1884 terram,
396 1807 488 1870 vetus
515 1804 656 1869 habebat
682 1825 744 1886 qna
770 1810 814 1870 est
839 1805 1014 1886 corpulenta
1034 1809 1108 1886 post
1133 1808 1196 1870 ter·

237 1912 323 1955 rarn:
356 1895 389 1956 et
423 1893 520 1976 paulo
560 1896 636 1976 post
671 1894 819 1971 coalescit,
853 1892 910 1956 ubi
944 1891 1041 1976 vulgo
1073 1891 1195 1975 legitur

237 1980 373 2044 calescit:
397 1982 430 2044 et
455 1980 566 2063 paucis
593 1983 669 2063 post
690 1981 796 2044 verbis
823 2000 892 2044 earn
914 1981 1094 2058 censear,
1115 1999 1195 2063 non,

238 2069 274 2130 ut
299 2067 410 2152 vulgo,
437 2088 506 2132 arne
536 2070 722 2132 densaretur.
776 2067 932 2152 Oerteque
964 2068 1095 2145 denseri,
1124 2088 1194 2132 non

237 2155 362 2220 nasae
380 2155 477 2220 etiam
491 2156 577 2240 apud
589 2154 763 2240 Virgilium
781 2159 814 2220 et
836 2156 921 2238 apud
933 2154 1105 2220 Horatium
1127 2155 1195 2240 legi

237 2244 292 2306 alii
316 2263 442 2330 quoque
465 2244 530 2306 iam
552 2243 677 2326 pridem
700 2246 905 2308 annotarunt.

546 2449 692 2517 CAPUT
713 2451 881 2518 XXXVII.

276 2571 326 2627 Da
344 2570 537 2626 MITYLENE
555 2571 708 2627 HORATII
725 2571 903 2629 10011)Πο
921 2571 1150 2629 ILLUSTRATI.

303 2678 336 2744 N
337 2701 380 2744 on
401 2682 522 2744 temne
544 2683 605 2765 est,
629 2681 714 2766 qnod
736 2680 891 2746 Horatius
909 2680 1087 2764 Mitylenen
1107 2681 1197 2746 inter·

238 2767 332 2833 urbes
355 2767 586 2852 pulcherrimas
609 2772 770 2834 numerat:
793 2771 863 2834 turn
885 2768 921 2832 in
944 2766 1068 2853 0dis¹)r

282 2891 472 2956 Mutant
492 2893 551 2957 alil
566 2891 733 2976 pnlclrram
753 2890 885 2958 Rloolon
906 2897 963 2957 ant
982 2891 1171 2974 Mitylenen:

238 3019 307 3080 tum
329 3015 364 3080 in
386 3011 591 3100 Epistons⁹):

282 3139 437 3203 Incolumi
458 3137 583 3202 Rhodos
603 3141 634 3203 et
653 3136 803 3217 Mitylene
819 3134 954 3218 palatro
974 3136 1064 3222 fucit,
1086 3138 1169 3218 quad

282 3226 426 3292 Paenula
446 3225 588 3304 conano,
610 3228 774 3309 campestre
794 3223 949 3290 nivaldus
971 3225 1069 3290 aura.

310 3415 331 3482 ¹)
348 3415 370 3468 I.
390 3419 415 3468 7.

311 3483 370 3551 ¹)I.
391 3489 432 3536 11.
454 3487 514 3536 lte
