2656 3910
402 213 581 268 EPISTOLA
598 213 733 270 LXXVII.
981 217 1043 280 107

84 382 123 425 ac
146 358 241 443 copia
262 361 369 423 tecum
392 379 430 422 ex
452 357 547 423 huius
574 359 690 424 aetatis
712 358 897 424 hominibus
919 361 1043 443 paucis·

85 449 187 513 simos
202 467 394 530 comparem,
416 446 579 510 neminem
593 449 677 511 certe
692 449 894 530 anteponam.
931 447 1044 532 Itaque

85 535 216 620 quoties
239 534 320 598 mihi
343 534 435 617 copia
457 533 708 618 firithominum,
731 535 786 619 qui
807 539 841 599 te
854 535 1044 600 familiarius

83 620 240 705 nossent,
255 621 448 706 quaerebam
471 621 611 686 studiose
626 622 664 686 de
687 625 729 705 te,
752 622 791 686 de
804 623 948 688 moribus
970 625 1044 708 tuis,

85 709 184 795 (quos
207 713 317 774 tamen
340 709 419 773 satis
448 709 682 774 mihi'videbar
704 729 721 773 e
745 710 872 794 scriptis
901 711 966 776 tuis
989 712 1045 776 ha-

85 800 164 864 bere
187 794 396 882 perspectos)
419 795 459 860 de
472 797 733 880 tuavaletudine‚
756 798 795 862 de
817 801 888 863 toto
907 798 1045 884 denique

85 907 197 950 rerum
218 889 348 950 tuarum
371 887 472 948 statu:
494 887 532 949 ut
555 905 666 949 omnes
688 885 781 950 facile
804 891 970 950 cernerent
992 908 1043 951 cu·

86 974 258 1058 piditatem
303 972 545 1037 constituendae
589 975 696 1037 tecum
736 973 895 1037 amicitiae
930 995 1045 1038 meam.

87 1061 187 1126 Nunc
207 1063 241 1124 te
264 1081 390 1144 quoque
414 1080 491 1144 erga
504 1079 555 1123 me
578 1060 689 1124 eodem
704 1060 811 1124 animo
825 1059 924 1125 fuisse
938 1061 1045 1126 video:

86 1169 194 1234 neque
232 1149 407 1233 quidquam
439 1169 458 1212 a
489 1148 684 1230 perfectione
721 1147 880 1212 amicitiae
915 1152 1045 1214 nostrae

85 1236 177 1302 aliud
202 1236 325 1318 aberat,
355 1257 454 1320 quam
480 1238 517 1300 ut
542 1238 676 1319 uterque
704 1240 893 1320 agnosceret
915 1237 1045 1302 alterius

88 1345 169 1410 erga
201 1345 235 1388 se
266 1325 474 1388 voluntatem.
529 1321 677 1387 Antehac
713 1323 798 1388 enim
819 1327 899 1389 erat
930 1320 1046 1389 εὔνοια

88 1409 168 1496 μὲν,
192 1407 411 1476 λανθάνουσα
439 1408 486 1476 δέ.
531 1409 619 1487 Quae
646 1404 719 1476 cuin
742 1433 776 1477 se
803 1413 935 1476 tandem
957 1417 1046 1496 pate·

88 1501 216 1582 fecerit,
239 1499 340 1563 serius
363 1499 501 1584 quidem,
523 1521 620 1583 quam
642 1521 702 1583 par
724 1503 793 1564 erat
815 1503 848 1564 et
870 1521 967 1585 quam
985 1520 1046 1585 ego

89 1608 253 1672 cuperem,
277 1607 396 1671 quaeso
418 1590 465 1669 te,
488 1587 534 1650 mi
557 1585 710 1670 Oorrade,
738 1584 799 1673 (ita
820 1587 907 1651 enim
932 1609 1046 1652 vocare

88 1680 123 1740 te
142 1695 239 1758 posse
252 1671 384 1760 videon)
408 1695 536 1760 quaeso,
557 1675 699 1759 inquam,
720 1678 762 1756 te,
783 1674 894 1739 demus
908 1695 1047 1757 operam,

88 1768 129 1827 ut
160 1784 233 1827 eam
263 1784 323 1845 pro
359 1783 417 1827 aua
430 1765 585 1847 “uterque
621 1765 713 1846 parte
744 1762 832 1826 omni
868 1762 1047 1826 officiorum

90 1871 209 1936 genere
233 1871 329 1934 quam
354 1850 598 1935 diligentissime
625 1849 777 1914 colamus.
821 1848 906 1935 Ego,
929 1850 1048 1934 quida

89 1960 144 2004 me
166 1938 229 2002 tibi
255 1939 412 2021 praestari
438 1937 554 2021 possit,
577 1938 721 2002 nondum
743 1938 849 2022 video;
877 1937 957 2002 illud
980 1938 1048 2024 qui·

91 2027 167 2092 dem
189 2026 251 2089 tibi
274 2026 363 2090 omni
386 2026 620 2090 asseveratione
643 2026 806 2108 confirmo,
829 2026 857 2090 si
880 2025 956 2110 quid
978 2047 1048 2090 eve-

89 2114 186 2197 nerit,
210 2114 245 2178 in
268 2133 331 2197 quo
352 2117 390 2178 tu
412 2113 591 2197 perspicere
614 2113 755 2177 studium
782 2132 859 2197 erga
885 2117 919 2177 te
941 2135 1049 2177 meum

89 2202 181 2284 velis,
204 2203 390 2265 curaturum
404 2221 464 2283 me,
486 2203 578 2264 utre
600 2200 672 2283 ipsa
692 2200 864 2284 intelligas,
886 2201 1048 2264 neminem

90 2290 154 2354 tibi
178 2310 257 2372 esse,
280 2309 377 2372 quam
391 2307 452 2372 ego
475 2309 554 2371 sum,
576 2308 649 2352 vere
672 2291 768 2372 atque
792 2308 830 2351 ex
848 2287 956 2353 animo
970 2289 1049 2352 ami·

92 2379 222 2442 cionem
268 2375 359 2441 Vale.
381 2375 512 2440 Romae.
535 2393 603 2440 XIV.
625 2375 697 2440 Kal.
720 2375 815 2442 Iunii

495 2517 651 2528 ———-·-

494 2603 655 2672 LXXVII.

286 2729 334 2801 M.
362 2729 603 2804 ANTONIUS
630 2731 854 2804 MURE'PUS

353 2863 505 2920 unorum
524 2864 694 2921 urnumo
715 2865 794 2921 suc.

163 2983 237 3050 Nisi
259 3009 309 3052 me
330 2991 392 3055 tibi
415 2992 495 3055 bene
518 2993 632 3055 notum
655 3009 725 3054 esse
743 2989 942 3071 confiderem,
964 2986 1049 3051 Mar-

93 3075 164 3140 tine
188 3075 308 3159 optim'e
331 3082 365 3141 et
376 3078 616 3160 humanissime,
639 3076 732 3141 valde
745 3097 879 3160 vererer,
900 3097 941 3139 ne
964 3075 1049 3158 apud

93 3167 126 3228 te
149 3163 310 3228 venissem
338 3166 374 3229 in
400 3185 553 3250 magnam
580 3165 765 3248 opinionem
791 3185 858 3228 non
886 3163 1049 3228 tarditatis

94 3252 204 3334 modo,
234 3273 255 3314 a
285 3272 348 3336 quo
377 3253 456 3318 vitio
490 3273 541 3318 me
571 3252 732 3318 interdum
763 3273 829 3318 non
861 3252 1050 3336 longissime

92 3341 207 3404 abesse
229 3339 348 3423 fateor,
371 3340 426 3404 sed
449 3343 548 3406 etiam
562 3343 638 3424 eius,
651 3363 681 3404 a
700 3362 764 3426 qua
786 3361 911 3424 semper
934 3340 1049 3404 abhor-

92 3429 157 3511 rui,
180 3426 438 3492 inhumanitatis.
483 3430 535 3493 Ad
558 3430 682 3494 litteras
702 3429 803 3510 enim,
831 3449 911 3512 quas
935 3427 976 3491 ad
998 3447 1049 3490 me

91 3515 299 3600 plenissimas
323 3515 442 3579 amoris
465 3521 497 3580 et
520 3517 617 3581 officii
632 3515 762 3580 Lutetia
779 3515 817 3579 de
840 3535 949 3580 mense
973 3512 1049 3598 Sep·
