2658 3914
253 240 317 310 160
625 239 705 293 vna.
725 239 825 293 uuor.

251 383 392 449 Deliciae
419 406 460 448 au
460 387 527 448 tem
553 405 656 463 meae,
683 382 867 465 Euripidee,
893 380 1106 466 Hippolytum
1130 405 1210 467 quo·

253 495 313 558 que
337 473 375 536 de
398 472 533 572 hymn0,
557 492 619 556 quo
634 469 773 534 Dianam
791 470 1018 554 celebraverat,
992 470 1146 535 titat
1109 474 1146 535 ut
1169 471 1210 535 de

251 582 370 626 corona
393 559 543 644 quapiam
566 560 750 643 loquentem
773 555 896 642 facit¹):

296 663 362 729 Σοὶ
383 660 482 730 τόνδε
504 659 643 728 πλεκτὸν
666 661 848 769 στέφανον
856 657 928 740 έξ’
911 658 1078 771 ακηρότον

296 753 470 860 λειμῶνος,
494 741 519 816 ὦ
544 750 718 832 δέσποινα,
741 745 910 834 κοσμησας
932 749 1034 857 φέρω,

297 833 370 905 ἕνθ’
398 835 473 905 oilae
495 835 620 924 ποιμὴν
643 799 732 916 ἀξιόι
752 836 911 945 φέρβειν
910 839 1003 920 βοτα,

297 922 371 993 οὐδ’
397 919 483 1012 ἦλθέ
503 948 553 991 πω
577 928 723 1034 σίδηρος,
751 920 812 989 νἰλλ
849 920 1016 1011 ακήρατον

296 1013 434 1100 μέλισσα
457 1008 593 1100 λειμῶν’
619 1008 739 1098 ἠρινδν
763 1011 933 1120 διέρχεται.

297 1101 399 1180 αἰδὼς
421 1099 459 1168 δὲ
481 1106 671 1212 ποταμίαισι
693 1096 827 1208 κηπεύει
850 1097 994 1207 δρόσοις

296 1187 389 1267 ὅσοις
410 1187 568 1256 διδακτὸν
591 1186 706 1274 μηδὲν,
729 1183 796 1256 ἀλλ’
823 1187 920 1253 έν
881 1213 921 1294 τη
942 1186 1043 1297 φύσει

296 1274 333 1343 τὸ
348 1289 548 1386 σωφρονειν
571 1283 700 1361 εἴληχεν
723 1279 769 1353 εἰς
790 1272 831 1340 τδι
853 1271 950 1341 πάντ’
976 1271 1037 1385 ἀεὶ,

297 1362 427 1441 τούτοις
450 1363 643 1474 δρέπεσθαι·
666 1375 734 1440 τοις
756 1358 942 1429 κακοῖσιδ’
969 1358 1010 1429 οὐ
1032 1361 1139 1449 θέμις.

297 1447 383 1534 ἀλλ’,
407 1442 432 1517 ὦ
457 1457 537 1536 φίλη
561 1449 734 1533 δέσποινα,
745 1449 896 1558 χρυσέας
902 1449 1022 1559 κόμης

297 1501 453 1625 ιἰνοὶδημα
476 1539 567 1618 δέξαι
589 1535 697 1624 χειρὸς
720 1533 919 1622 ενσεβοῦς”
899 1561 973 1605 απο.

252 1664 360 1749 Atque
384 1664 530 1749 equidem
551 1664 611 1729 hos
634 1685 754 1747 versae,
773 1663 800 1728 si
818 1666 941 1747 potero,
953 1664 1004 1728 vel
1017 1665 1133 1749 potius,
1156 1669 1206 1729 ut

252 1755 377 1838 cunque
403 1755 530 1836 potero,
556 1751 670 1816 Latine
699 1751 887 1835 exprimam,
914 1753 951 1815 ut
973 1751 1113 1816 eliam''
1091 1775 1128 1835 11,
1151 1753 1208 1837 qui

255 1839 373 1905 Graece
396 1841 543 1904 nesciunt
547 1839 774 1924 ,singularem
797 1859 907 1902 eorum
921 1840 1206 1925 suavitatemque

253 1949 317 2013 quo
345 1928 440 1993 modo
469 1927 601 1992 odorent
586 1930 648 1992 tur.
702 1926 821 1991 Abire
849 1929 970 2010 autem,
1003 1928 1058 2012 qui
1085 1926 1209 1994 Graeca

252 2037 310 2101 per
333 2037 367 2079 se
390 2016 468 2080 satis
482 2016 680 2100 intelligunt,
703 2014 794 2079 valde
817 2017 901 2098 peto,
923 2014 1051 2079 uthaec
1064 2037 1136 2080 mea
1150 2022 1209 2082 aut

253 2125 294 2168 ne
317 2104 441 2189 legant,
464 2107 521 2167 aut
543 2103 786 2168 conniventibus
810 2103 909 2167 oculis
933 2103 1056 2187 legant:

299 2211 370 2276 Tibi
391 2209 471 2274 bama
492 2209 638 2274 corollam
660 2209 732 2272 dica
753 2208 885 2272 κατέλαια
904 2208 981 2288 sero,

297 2299 416 2380 Aptam
438 2318 453 2361 e
474 2298 601 2362 vereatis
617 2297 741 2378 pratuli
762 2297 886 2360 ι’κλοκεο
907 2316 1009 2360 coma:

299 2386 365 2466 Qec
386 2405 481 2466 κεηκι
495 2389 672 2467 preteream
692 2388 803 2466 paster
827 2403 965 2465 amaeam
992 2385 1084 2468 iaipit
1104 2406 1208 2467 peaes,

298 2473 403 2554 Nepae
423 2472 515 2552 falcis
536 2492 674 2552 κκηαακι
695 2473 779 2535 uenit
799 2472 879 2536 aa‘es
900 2471 1062 2554 improbae.

297 2561 379 2642 Apis
400 2580 466 2623 aaa
487 2559 664 2640 florescere
686 2559 762 2623 lebat
782 2560 924 2642 iatepros,

297 2648 395 2712 Pam'e
415 2647 556 2711 honestas
576 2667 651 2728 qaas
671 2647 755 2729 α’ρολ
777 2647 910 2730 lymphae
931 2647 1046 2714 Padar.

341 2734 428 2813 Illis,
450 2736 592 2817 mapislre'
613 2737 775 2816 praesciae
796 2756 888 2817 opera
904 2741 1056 2818 perpetem

297 2824 425 2888 Natara
446 2824 548 2887 doem't
568 2825 638 2904 ipsa
660 2825 900 2906 temperantiam,

296 2912 364 2978 Fas
385 2931 507 2993 carpere
528 2911 632 2976 e'lle‘aa:
654 2911 800 2994 improbae
821 2917 924 2976 aetem
944 2911 1041 2993 mefac.

297 3001 343 3065 Ae
364 3004 398 3064 λα
419 3019 530 3064 aereae
551 3001 659 3082 repieta
680 3000 837 3066 vinealem
858 3020 960 3066 comae

296 3089 410 3153 Amica
431 3089 561 3169 casape,
579 3089 638 3170 pia
659 3090 740 3169 qaod
754 3089 862 3171 perpet
881 3107 1002 3152 mamea

252 3209 298 3274 Et
319 3210 472 3294 quoniam
500 3213 598 3275 semel
620 3209 735 3274 audere
763 3209 865 3294 coepi,
892 3209 1084 3294 subiungam
1107 3212 1208 3278 etiam

253 3318 362 3361 versus
386 3297 508 3380 aliquot
529 3318 567 3360 ex
580 3297 720 3378 Edyllio,
744 3298 829 3381 quod
843 3296 959 3361 abhinc
973 3319 1074 3362 annos
1088 3320 1207 3364 novem

251 3384 293 3447 ad
327 3383 533 3448 Franciseum
569 3383 780 3468 lbmonium,
817 3381 1019 3448 (lardinalem
1056 3386 1207 3450 omnibus
1244 3424 1250 3438 ·

326 3556 494 3624 bmwm
