2658 3914
219 139 280 202 184
590 137 674 192 VAR.
693 137 796 190 LECT.

265 285 380 347 Τοῖσιν
404 278 453 344 ἐνὶ
476 281 596 365 κραδίῃ
620 276 733 344 λάσιαι
755 283 872 386 τρίχες,
895 269 944 344 ὧν
966 277 1064 363 χάριν
1087 277 1153 344 αἰεὶ

267 370 381 452 Ψυχῆς
402 364 532 452 θάρσος
554 371 677 452 ἔχουσι,
700 364 755 431 καὶ
779 390 820 431 ου
838 362 1182 433 πτώσσουσινἘνυῶ.

558 611 702 678 CAPUT
725 611 836 676 XLXJ.

296 734 345 788 DE
364 732 536 788 THALETE
555 732 703 789 MILESIO
722 732 896 787 HISTORIA
913 732 1090 789 ELEGANS.

284 859 400 924 Thales
414 857 558 924 Milesius
581 880 700 944 magno
723 859 819 922 viret
841 859 979 942 sublimi,
1001 863 1039 922 ut
1060 862 1178 923 notum
1306 879 1307 954 j

219 951 282 1033 est,
304 947 436 1032 ingenio
460 947 534 1031 fuit,
556 948 720 1031 multaque
744 947 946 1010 admirabilia
958 969 1031 1010 cum
1053 947 1088 1012 in
1102 947 1179 1011 aliis

221 1035 409 1119 disciplinis,
433 1039 503 1100 tum
525 1035 560 1099 in
574 1035 750 1119 astrologia
771 1035 893 1118 primns
907 1035 1108 1118 excogitavit.
1141 1035 1178 1099 Is

218 1145 290 1187 cum
312 1124 496 1206 reperisset,
524 1146 620 1207 quam
643 1124 802 1186 rationem
829 1123 964 1186 haberet
985 1121 1176 1206 magnitudo

219 1209 302 1275 Solis
326 1211 367 1273 ad
390 1211 645 1294 magnitudinem
672 1211 741 1274 eius
764 1211 886 1292 circuli,
910 1231 1005 1294 quem
1028 1208 1083 1274 sol
1105 1210 1176 1294 ipse
1306 1225 1307 1232 ’

218 1319 326 1362 annuo
353 1319 448 1361 cursu
474 1299 605 1361 metitur
634 1320 671 1363 ac
698 1299 838 1381 conficit,
868 1298 1112 1382 quoquomodo
1142 1298 1177 1361 id

218 1385 412 1469 geometrica
440 1385 617 1448 subtilitate
646 1385 858 1450 demonstrari
879 1390 1003 1470 posset:
1031 1406 1102 1449 eam
1123 1407 1174 1449 ra·

217 1474 339 1538 tionem
366 1494 439 1537 cum
465 1471 632 1536 Prienensi
661 1473 812 1556 quodam,
843 1473 973 1538 homine
1002 1475 1035 1536 et
1060 1473 1175 1537 talium

218 1583 323 1626 rerum
352 1561 477 1625 curioso
510 1564 542 1624 et
573 1561 669 1624 divite
697 1581 734 1624 ao
762 1561 892 1643 copioso
920 1562 1176 1626 communicavit.

219 1647 280 1724 Qui
308 1652 340 1712 et
367 1670 502 1714 acumen
528 1648 671 1712 Thaletis
699 1651 732 1712 et
753 1649 876 1712 inventi
903 1648 1175 1731 pulchritudinem

217 1737 406 1820 admiratus,
437 1738 615 1820 praemium
644 1759 663 1799 a
693 1758 728 1800 se
754 1736 859 1818 illum,
887 1740 1043 1820 quantum
1070 1738 1175 1820 vellet,

219 1829 329 1909 optare
361 1825 464 1888 iussit.
518 1825 651 1889 Nullum
677 1829 716 1906 te,
743 1824 862 1908 inquit,
888 1825 978 1888 aliud
996 1826 1177 1906 praemium

213 1934 317 1995 posce,
339 1913 416 1990 nisi,
438 1917 475 1976 ut
494 1933 533 1976 ne
555 1913 611 1977 tibi
631 1932 769 1993 conectam
791 1911 885 1976 taius
905 1913 1022 1976 iacenti
1039 1913 1177 1996 plocium

218 2020 356 2083 crrcpcs:
388 2001 441 2064 sed
469 2002 498 2064 et
528 2002 650 2081 quande
677 2001 743 2065 cias
770 2000 849 2064 ulios
877 2001 1046 2082 participes
1075 2001 1176 2080 facere

217 2089 360 2166 columis,
387 2093 539 2153 auderem
565 2089 651 2153 illius
673 2108 733 2152 esse
755 2107 803 2151 me
825 2093 970 2169 perpetuo
986 2089 1175 2170 profitcmis.

218 2174 295 2240 Non
325 2176 426 2262 igitur
459 2178 671 2240 contemnunt
705 2175 840 2260 gloriam
872 2197 913 2238 ne
945 2176 1175 2258 sapientissimi

219 2264 361 2348 quidem3
383 2263 502 2327 nedum
515 2285 589 2346 nos,
613 2264 667 2346 qui
682 2264 842 2345 sapientes
855 2284 923 2327 non
938 2285 1057 2347 sumus,
1071 2285 1174 2347 aequo

220 2353 327 2416 animo
350 2353 505 2433 feramus,
533 2351 561 2414 si
584 2351 702 2435 quida
725 2350 818 2413 nobis
841 2350 1015 2434 interdum,
1043 2372 1081 2414 ex
1110 2373 1175 2435 quo

218 2440 288 2504 laus
317 2440 424 2522 aliqua
454 2438 558 2520 possit
590 2438 737 2520 existere,
765 2437 1022 2502 animadversum
1050 2441 1110 2522 est,
1140 2439 1175 2502 id

218 2528 337 2590 iniuste
361 2529 456 2608 atque
478 2524 683 2608 impudenter
705 2526 746 2589 ab
770 2525 840 2590 aliis
864 2527 1020 2610 occupari.

599 2768 742 2835 CAPUT
764 2769 800 2836 L.

231 2891 280 2948 DE
299 2890 481 2948 ANCHISAE
499 2889 626 2946 MORTE
646 2890 783 2945 VARIAE
803 2889 981 2945 VETERUM
1000 2889 1162 2946 SCRIPTO-

525 2978 606 3032 RUM
624 2977 866 3032 SENTENTIAE.

285 3085 385 3152 Varia
398 3086 571 3151 admodum
586 3088 619 3149 et
631 3086 716 3150 inter
730 3107 763 3150 se
784 3086 998 3170 discrepantia
1020 3085 1059 3148 de
1072 3089 1176 3151 morte

222 3175 390 3256 Anchisae,
415 3175 469 3259 qui
483 3172 611 3237 Aeneae
627 3177 718 3258 pater
731 3173 807 3258 fuit,
820 3178 943 3238 veteres
958 3173 1176 3256 prodiderunt.

221 3261 305 3327 Sunt
327 3262 426 3343 enim,
450 3261 504 3344 qui
528 3282 631 3324 annos
654 3263 767 3324 natum
791 3262 956 3346 octoginta
977 3261 1013 3324 in
1034 3260 1178 3346 Phrygia

221 3350 338 3414 obiisse
363 3349 472 3411 dicunt
496 3348 684 3431 ostendique
707 3349 867 3412 tumulum
890 3349 991 3432 ipsius
1008 3349 1044 3411 in
1066 3353 1177 3412 monte

219 3435 290 3518 Ida,
313 3435 369 3498 ubi
392 3438 539 3517 pastores
563 3436 595 3497 et
617 3435 748 3499 bubulci
771 3437 945 3519 quotannis
972 3457 1030 3520 per
1052 3440 1177 3500 autum·
