2656 3910
246 232 267 296 6
600 227 780 288 neronom
798 228 846 285 nv,
892 200 899 216 '

135 359 137 364 ⁸
243 380 317 440 ante
341 375 449 440 omnia
463 376 496 439 et
517 395 617 438 unum
640 373 777 438 fortasse
792 371 982 456 spectareffte
995 375 1084 457 puto.
1111 371 1202 459 Cras,

244 464 284 530 ad
308 484 469 529 summum
491 461 641 545 perendie
663 461 727 526 tria
741 459 861 527 Catulli
882 461 962 526 folia
983 462 1119 527 mittam.
1147 461 1200 526 m-

242 553 354 617 liolum
386 572 493 616 meum
524 548 757 633 Hieronymum
779 547 924 614 nondum
952 549 1201 636 quinquennem,

242 640 328 705 Aldo
351 660 461 723 parem
484 638 624 722 ingenio,
645 635 827 704 valetudine
841 636 1024 721 firmiorem,
1045 639 1200 704 mandare

242 727 441 812 Epidaurum
464 726 515 798 ad,
527 726 690 792 hominem
704 725 865 792 eruditum
886 725 1013 810 meique
1031 747 1200 810 peraman-

242 821 321 899 tem,
352 815 489 880 Paulum
512 813 659 897 Bosium,
681 813 873 897 cogitabam.
918 813 970 878 Ibi
996 814 1139 880 moribus
1167 819 1201 880 et

242 905 355 989 primis
383 904 484 968 literis
512 902 686 986 imbuetur3
714 923 792 966 nam
814 921 875 986 ego
902 923 954 966 me
976 902 1018 966 ad
1040 901 1119 968 haec
1140 903 1199 968 hu-

242 994 332 1060 milia
346 993 511 1057 demittere
533 991 623 1055 nullo
636 989 733 1055 modo
746 989 877 1073 possim.
905 988 989 1066 Quid
1011 991 1199 1073 praeterea?

241 1081 333 1146 Nihil
357 1082 487 1146 scilicet.
523 1079 628 1144 Immo
652 1077 786 1163 aliquid:
810 1078 927 1159 scribe,
950 1079 1067 1144 amabo
1089 1082 1132 1162 te,
1154 1079 1200 1144 mi

242 1169 381 1253 Murem,
402 1172 440 1240 ut
461 1167 645 1250 inst'tuisti,
668 1188 765 1251 quam
787 1166 988 1249 saepissime3
1011 1166 1200 1252 mehercule,

243 1279 260 1322 e
284 1256 417 1322 summis
442 1259 538 1340 atque
559 1254 696 1320 assiduis
718 1275 787 1319 non
800 1252 896 1320 modo
918 1253 1067 1338 negotiis,
1089 1276 1201 1321 verum

243 1345 340 1410 etiam
372 1344 473 1409 animi
499 1343 583 1408 curis
614 1345 742 1408 tautum
769 1341 805 1406 in
831 1345 960 1408 tuarum
992 1343 1201 1426 epistolarum

243 1432 405 1519 elegantia
427 1435 460 1496 et
482 1431 648 1518 suavitate,
662 1429 854 1514 conquiesco
882 1433 978 1515 atque
1002 1429 1099 1495 etiarn
1123 1431 1200 1497 dum

242 1522 312 1605 ipse
335 1521 376 1585 ad
402 1523 436 1584 te
459 1520 577 1602 scribo,
605 1518 680 1604 quia
701 1521 734 1582 te
756 1517 836 1582 mihi
863 1522 1065 1601 praesentem
1092 1522 1199 1586 statuo

242 1614 453 1694 motuumque
484 1608 569 1672 inter
595 1629 655 1672 nos
684 1627 864 1672 sermonem
890 1607 993 1692 fingo,
1019 1606 1200 1674 incredibili

242 1699 408 1783 voluptate
421 1697 605 1782 perfundor.
631 1693 722 1760 Vale.
745 1691 901 1762 Venetiis.
930 1693 1200 1780 Herculaneus,

243 1788 319 1871 quia
340 1787 443 1852 festus
457 1785 630 1850 hodiernus
645 1783 712 1847 dies
727 1784 784 1865 est,
807 1782 912 1865 abest3
935 1781 1007 1847 ideo
1029 1783 1109 1849 haec
1126 1806 1200 1849 mea

242 1896 350 1959 manu,
373 1873 477 1939 decies
499 1872 732 1956 interpeUatus‚
754 1869 889 1936 exaravi.

639 2029 798 2040 ——n—na

694 2116 751 2182 IV.

431 2245 481 2321 M.
510 2242 752 2318 ANTONIUS
779 2241 1004 2316 MURETUS

691 2361 706 2402 S
727 2361 748 2401 D
1006 2367 1009 2376 '

560 2447 683 2506 PAULO
701 2447 880 2505 MANU'I'IO.

310 2576 402 2655 Quod
423 2582 456 2642 te
471 2599 490 2641 a
504 2575 588 2642 curis
612 2576 761 2641 omnibus
783 2574 1032 2661 acquiescerem
1055 2593 1201 2637 mearum

243 2667 453 2751 epistolarum
483 2666 644 2750 elegantia
675 2686 713 2730 ao
745 2664 902 2730 suavitate
934 2662 1026 2743 diois,
1057 2679 1200 2743 agnosco

242 2756 477 2821 humanitatem
499 2757 603 2818 tuam:
626 2774 730 2840 neque
751 2755 862 2818 tamen
883 2751 930 2816 ita
943 2771 994 2816 me
1015 2749 1141 2834 ignoro,
1162 2753 1201 2812 ut

243 2845 279 2909 in
300 2844 380 2909 meis
404 2844 575 2929 quicquam
597 2863 692 2926 posse
717 2839 852 2926 reperiri
874 2837 1053 2925 elegantiae
1079 2838 1199 2920 putem.

244 2933 356 3000 Scribo
371 2933 457 2998 enim
479 2931 521 2996 ad
534 2934 567 2996 te
590 2929 659 2995 sine
674 2929 740 2994 ulla
753 2949 838 3012 cura,
861 2927 1012 3013 quioquid
1029 2927 1065 2990 in
1087 2925 1200 3007 solum,

243 3027 281 3087 ut
303 3023 432 3105 dicitur,
459 3023 492 3086 et
514 3020 591 3084 dum
612 3017 674 3083 tibi
695 3017 796 3082 animi
822 3017 886 3082 mei
914 3037 1027 3081 sensus
1049 3012 1201 3098 aperiam,

245 3112 361 3195 quibus
384 3111 417 3174 id
439 3109 545 3174 verbis
567 3107 683 3172 faciam
705 3129 773 3172 non
795 3105 917 3171 laboro.
953 3102 1046 3179 Quod
1068 3100 1201 3184 ecdico,

246 3198 321 3282 quia
353 3197 539 3280 scrupulum
566 3195 725 3280 quendam
757 3193 895 3258 iniecisti
926 3190 1007 3254 mihi
1037 3210 1141 3274 nuper
1166 3188 1202 3252 in

246 3306 402 3368 sermone,
425 3304 498 3348 curn
512 3283 708 3368 significares
721 3285 754 3345 te
777 3279 921 3363 epistolis
934 3278 1009 3362 tuis,
1032 3277 1058 3342 si
1074 3275 1201 3362 quando

247 3394 300 3438 eas
329 3372 526 3457 divulgares,
553 3371 634 3434 velle
662 3368 829 3434 admisceri
857 3366 1013 3451 quasdam
1040 3366 1138 3430 etiam
1161 3364 1203 3428 ad

246 3463 279 3524 te
301 3481 398 3524 meas.
443 3458 484 3524 In
507 3480 570 3543 quo
593 3461 629 3521 tu
652 3457 750 3520 etiam
773 3457 869 3540 atque
892 3457 991 3518 etiam
1012 3453 1098 3535 vide,
1126 3451 1204 3538 quid

247 3567 335 3634 agas.
370 3546 456 3612 Nam
483 3566 544 3632 ego
572 3544 700 3631 quidem
726 3543 809 3607 nihil
835 3563 978 3627 unquam
1001 3539 1062 3625 (ita
1087 3543 1125 3604 tu
1151 3561 1204 3604 me
