2656 3910
254 233 299 298 34
579 231 760 288 EPISTOLA
779 231 880 286 XXIII.

323 371 413 528 gv
396 373 458 461 χρὴ
481 378 696 459 συμποσίοισι
718 379 829 458 φίλων
851 369 1074 458 ἀπέχεσθαι’
1057 378 1213 460 ισοίρων

357 461 451 549 nobo.

256 605 350 689 Tum,
371 608 408 669 tu
430 605 571 690 igitur,'
561 626 704 688 mquam,
727 626 828 670 unum
849 625 901 669 me
924 604 1066 670 sodalem
1088 605 1224 672 habes?
1307 685 1308 690 ἵ

256 693 324 774 Eoo
346 714 423 772 οινο,
445 693 561 776 inqui,
584 695 723 758 ιοιιιιὶοο
745 713 845 774 maore
862 693 997 770 onnam,
1018 713 1113 774 aoqsae
1134 694 1223 759 moi

256 743 563 862 ooqoambeneast,
585 782 1149 846 oeiamaesseetcomesem
1173 787 1222 846 te-

257 887 326 934 οιιιιι
349 869 423 934 licet
468 867 523 933 An
550 869 610 933 tibi
637 869 737 954 igitur
759 867 814 932 diu
836 867 953 933 videris
980 867 1135 946 abfuisse,
1158 871 1221 952 qui

256 978 382 1020 mecum
405 957 530 1022 etheri
553 959 585 1022 et
607 956 724 1021 nudius
750 955 865 1020 tertius
889 955 1095 1022 coenaveris?
1125 918 1221 1036 ¹Quin

256 1047 332 1122 ιἰιιο,
355 1045 474 1128 inquit,
500 1047 548 1110 ιἰο
569 1065 642 1150 erqo
664 1050 691 1110 te
712 1044 840 1124 affectas
861 1065 944 1123 sum,
970 1050 1006 1108 ιιι
1026 1043 1139 1110 Medus
1162 1045 1220 1110 ille

256 1154 329 1214 erqo
351 1131 508 1215 (lyromss)
530 1131 585 1196 καὶ
609 1127 691 1196 ὅσον
715 1094 953 1217 σκαρδαμύττω
976 1127 1101 1218 χρόνον
1122 1129 1219 1196 πάνυ

257 1215 361 1295 πολύς
388 1244 444 1304 μοι
473 1214 620 1284 δοκεῖ
590 1243 685 1285 srvat.
729 1218 845 1298 Aba·
836 1241 981 1304 mquam,
1004 1242 1067 1305 quo
1096 1220 1217 1322 dignus

258 1329 306 1384 es,
329 1329 403 1371 oum
430 1308 500 1371 istis
527 1307 592 1371 tuis
619 1308 762 1391 ineptiis,
785 1330 828 1372 an
849 1312 882 1372 te
909 1309 991 1372 mihi
1016 1329 1076 1391 pro
1097 1308 1217 1394 ignoto

257 1357 356 1459 veiba
383 1396 458 1460 dare
489 1395 656 1478 postulas?
700 1395 806 1460 Licuit
837 1395 954 1474 dicere,
984 1396 1077 1460 lieuit
1106 1396 1214 1462 obiur-

259 1504 350 1568 gare:
378 1484 446 1567 ipse
468 1485 578 1547 tamen
601 1483 773 1548 absterreri
795 1505 962 1568 nunquam
988 1485 1107 1566 potuit,
1134 1485 1215 1568 quin

258 1593 383 1636 meeum
406 1577 564 1637 coenaret.
597 1569 738 1636 Sublatis
762 1573 891 1650 mensis,
914 1571 1049 1652 Quaeso,
1070 1572 1214 1657 inquam,

217 1661 219 1666 ’
259 1663 367 1725 amoto
390 1660 476 1738 ludo,
499 1682 542 1724 an
563 1659 626 1725 hoe
649 1660 791 1744 quotidie
813 1659 956 1724 facturus
980 1660 1036 1724 es'?
1064 1659 1216 1744 Quotidie,

258 1748 375 1832 inquit,
398 1751 489 1814 ἀοιιιι
512 1754 539 1812 ιο
560 1748 639 1812 mibi
654 1749 751 1830 plane
770 1747 932 1830 placatum
954 1768 1016 1814 esse
1043 1768 1214 1830 ιοοιιοοινο.

258 1835 304 1899 Αι
326 1856 400 1920 ego,
426 1837 572 1920 inquam,
599 1836 708 1918 potius
734 1835 956 1901 iusiurandum
982 1837 1018 1900 in
1045 1857 1116 1900 eam
1143 1857 1211 1899 rem

259 1923 416 1987 arbitratu
438 1926 495 1987 tuo
519 1923 611 1987 dabo
648 1922 731 1999 Quid
755 1924 903 2007 quaeris?
947 1923 1020 1989 Nisi
1042 1923 1137 1988 irasci
1160 1923 1213 1988 de-

260 2011 397 2089 siissem,
426 2011 542 2089 adhue,
570 2009 697 2095 opinor,
725 2033 798 2075 eum
825 2007 1028 2076 σύνδειπνον
1056 2012 1211 2096 quotidia-

259 2120 338 2162 num
359 2099 521 2165 haberem.
566 2098 679 2184 Itaque
700 2100 825 2184 quidvis
847 2100 912 2164 iam
934 2101 1059 2185 perpeti
1080 2121 1212 2184 possum

260 2187 377 2270 potius,
400 2210 496 2272 quam
518 2191 556 2252 ut
577 2188 648 2252 istis
672 2188 800 2266 irascar,
823 2187 934 2272 quise
957 2191 1025 2252 tam
1039 2190 1120 2253 bene
1142 2188 1213 2252 rin-

260 2275 364 2340 dioare
397 2280 525 2340 norunt.
570 2274 673 2340 letra
703 2275 821 2352 ioeum,
853 2275 899 2339 mi
925 2273 1078 2354 Gerarde,
1109 2297 1211 2359 neque

260 2361 345 2427 Titio
370 2364 540 2447 quisquam
554 2363 604 2426 vir
626 2362 739 2426 melior
761 2367 935 2447 estusque
960 2365 1057 2429 officii
1078 2365 1212 2448 plenior,

260 2471 364 2533 neque
392 2451 481 2514 euius
509 2453 566 2514 aut
588 2471 692 2514 sermo
721 2454 777 2514 aut
799 2452 963 2516 convictus
989 2453 1070 2516 mihi
1091 2451 1212 2516 dulcior
1307 2463 1308 2470 ’

261 2538 316 2620 sit·
289 2537 442 2602 ttsed
427 2541 537 2602 tamen
564 2537 614 2603 int
600 2538 762 2603 t'erdum
752 2560 788 2602 ιιι
814 2561 866 2604 me
893 2539 990 2604 nimis
1018 2540 1080 2604 sibi
1111 2540 1212 2604 multa
1307 2581 1308 2586 κ

261 2585 427 2708 peimittit.
404 2624 563 2690 tNihil
594 2627 679 2690 est
669 2648 705 2690 ιιι
735 2626 931 2692 bibliotheca
962 2651 1034 2692 mea
1064 2629 1112 2692 ite
1142 2627 1213 2692 abs-

261 2718 386 2777 trusum
410 2713 728 2792 acreconditum,t
691 2717 728 2778 ut
740 2715 781 2779 ei
798 2736 865 2780 non
887 2719 1011 2800 pateat:
1035 2715 1144 2781 omnia
1165 2715 1212 2779 in-

262 2802 365 2884 spicit,
388 2802 498 2867 omnia
519 2805 746 2886 perserutatur.
773 2801 849 2868 Fuit
835 2804 961 2868 tetiam
974 2808 1111 2888 tempus,
1133 2824 1212 2881 oum,

263 2890 416 2975 quidquid
429 2891 534 2956 visum
549 2893 626 2969 erat,
649 2892 747 2955 etiam
760 2913 811 2954 me
834 2892 1026 2970 inconsulto,
1049 2891 1213 2956 auferebat

261 3000 298 3043 ae
322 2979 436 3044 deinde
458 2979 630 3062 referebat3
654 2979 709 3044 sed
731 2979 765 3043 id
786 2979 891 3044 faeere
915 2980 1021 3058 desiit,
1043 2983 1213 3064 postquam

262 3089 313 3131 me
336 3089 431 3153 aegre
453 3069 537 3132 ferre
551 3067 786 3132 animadvertit.
813 3066 859 3132 Et
879 3071 990 3132 tamen
1012 3068 1058 3132 sio
1081 3089 1214 3152 quoque,

263 3155 395 3220 absente
419 3177 483 3233 me,
514 3157 698 3238 pervolutat
725 3155 847 3234 omnia,
875 3177 986 3220 omnes
1013 3155 1137 3220 forulos
1164 3177 1213 3219 ex·

264 3243 352 3321 eutit,
374 3263 477 3325 neque
501 3243 619 3326 siquid
641 3244 737 3309 modo
761 3243 944 3307 absolutum
963 3265 1000 3308 ae
1022 3244 1213 3327 perpolitum

264 3332 325 3408 est,
353 3330 409 3394 sed
431 3330 523 3394 rudia
546 3330 656 3409 etiam,
684 3331 712 3396 si
739 3331 897 3410 collibuit,
924 3335 958 3396 et
983 3331 1137 3397 inchoata
1164 3331 1214 3396 de-

338 3553 357 3624 ¹)
375 3556 501 3626 Xenoph.
522 3554 620 3627 Cyrop.
640 3557 660 3614 l.
679 3561 704 3625 4,
724 3563 766 3612 28.
