2656 3910
476 245 655 303 EPISTOLA
672 247 771 303 xvffl.
1057 246 1100 310 23
1143 242 1148 247 ’

145 391 241 469 fient,
271 390 406 456 intendo
438 390 586 476 equidem
617 412 729 456 omnes
760 390 884 476 ingenii
916 410 1032 456 nervos
1059 390 1100 454 ed

147 478 402 544 conservandam
415 499 496 563 cern,
518 500 599 564 quoe
613 478 653 542 de
675 500 726 543 me
745 479 883 543 excitate
897 480 956 562 est,
978 477 1101 561 opinio-

146 588 234 651 nem3
258 567 314 633 sed
337 567 491 632 duratus
513 588 559 650 ee,
581 587 641 632 nec
655 588 697 632 ne
720 566 771 651 sit,
784 567 877 631 θεῶν
900 564 937 630 ἐν
959 561 1101 649 γούνασι

146 665 259 720 κεῖται.
303 654 352 720 De
375 654 458 720 libro
481 653 650 739 Victorini,
674 676 769 739 quem
790 675 842 719 me
864 654 934 738 tibi,
956 657 995 718 ut
1014 674 1101 718 nunc

147 743 320 827 loquimur,
346 742 525 808 dicaturum
551 743 713 827 pollicitus
744 764 830 829 sum,
856 743 925 807 noli
947 741 1101 806 dubitare.

147 828 321 916 Nunquam
354 831 487 897 omnino
520 832 667 896 emittam
695 853 768 896 eum
795 852 812 894 e
844 829 1008 914 menibus,
1038 830 1103 894 nisi

147 918 256 982 addito
278 920 441 984 luculento
456 919 564 1004 aliquo
586 919 773 984 testimonio
788 918 947 982 amicitiae
963 920 1102 982 nostrae.

148 1005 276 1071 Interea
302 1007 396 1072 mitto
420 1008 461 1071 ed
482 1010 515 1072 te
543 1009 724 1091 exemplum
752 1006 984 1088 oratiunculae,
1008 1026 1103 1089 quem

148 1093 202 1158 hic
233 1092 333 1158 hebui
364 1093 467 1177 pridie
499 1095 567 1158 eius
599 1093 676 1178 diei,
712 1114 775 1179 quo
812 1092 883 1178 cepi
918 1091 1103 1157 Aristotelis

152 1180 266 1245 uthica
288 1179 535 1268 interpreteri.¹)
558 1180 681 1247 Vereor
699 1179 841 1265 omnino,
854 1183 891 1246 ut
905 1180 983 1245 setis
997 1201 1103 1245 emen-

149 1270 223 1336 date
251 1269 446 1355 descriptum
474 1269 529 1336 sits
556 1291 633 1336 nam
663 1270 748 1355 quod
776 1291 878 1335 unum
906 1291 979 1334 mea
1005 1290 1104 1335 manu

149 1358 305 1442 scriptum
326 1358 495 1443 habebam,
517 1358 551 1425 id
566 1356 760 1442 Callippides
780 1358 843 1443 ille,
867 1357 906 1422 de
920 1379 984 1442 quo
1007 1358 1105 1423 etiem

148 1445 310 1530 prioribus
336 1446 453 1512 litteris
476 1448 597 1533 aliquid
625 1446 752 1532 scripsi,
778 1446 858 1512 duos
884 1445 951 1510 iem
977 1466 1104 1510 menses

149 1533 234 1616 apud
263 1555 296 1599 se
322 1534 450 1618 habuit,
476 1557 581 1621 neque
608 1535 712 1599 adhuc
744 1537 932 1619 extorquere
963 1555 1105 1617 possum.

152 1620 215 1686 Sed
238 1625 330 1686 tanto
353 1643 426 1685 meu
448 1623 562 1687 melior
583 1622 694 1686 future
707 1621 849 1686 conditio
873 1623 936 1686 est:
959 1623 996 1684 tu
1010 1621 1106 1704 enim,

151 1709 180 1773 si
210 1731 274 1794 que
300 1730 321 1772 e
346 1729 398 1772 me
425 1708 496 1792 ipso
523 1713 657 1793 peccata
684 1710 791 1791 erunt,
819 1728 856 1771 eu
882 1707 944 1791 illi,
971 1707 1026 1791 qui
1053 1707 1106 1772 de-

152 1797 294 1880 scripsit,
320 1795 491 1861 adscribes.
535 1795 582 1860 Mi
610 1793 741 1861 Sacrete
768 1795 889 1879 optime
919 1798 951 1859 et
981 1794 1106 1860 amicis-

153 1884 243 1965 sime,
265 1883 362 1948 etiem
385 1887 481 1968 etque
496 1884 592 1950 etiem
614 1885 694 1949 vele.
717 1883 849 1948 Romae.
864 1899 955 1948 xvm.
970 1882 1106 1948 Kalend.

154 1967 329 2034 Februarii.
351 1987 497 2038 unum.

552 2111 707 2123 ———

568 2229 691 2298 XVHI.

342 2357 390 2433 M.
419 2355 662 2433 ANTONIUS
689 2356 913 2432 MURETUS

599 2495 621 2538 Β.
634 2495 662 2537 Ι).

206 2580 328 2639 PETRO
344 2581 476 2638 IOANNI
493 2579 719 2638 PERPINIANO
739 2581 950 2639 SOGIETATIS
968 2580 1058 2637 IESU.

221 2705 323 2794 Cupio
347 2707 494 2793 equidem
508 2711 541 2773 et
562 2729 668 2773 meam
682 2710 715 2772 et
735 2710 826 2772 tuem
839 2706 935 2771 fidem
956 2705 1108 2788 liberer03

154 2794 211 2860 scd
233 2797 313 2861 mihi
336 2796 441 2861 adhuc
463 2797 579 2880 multe,
601 2817 642 2860 ne
664 2795 698 2860 id
721 2794 827 2860 fecere
848 2814 987 2879 possem,
1010 2795 1109 2859 obsti-

153 2886 271 2948 terunt.
315 2882 459 2948 Primum
483 2883 582 2968 quod,
612 2904 706 2966 quem
728 2884 835 2948 locum
858 2881 1007 2966 quodque
1028 2885 1108 2945 tem-

155 2991 215 3054 pus
243 2970 301 3034 otii
328 2973 361 3035 et
387 2971 504 3056 quietis
530 2971 753 3055 plenissimum
780 2968 935 3052 putabam
963 2968 1047 3051 fore,
1073 2967 1109 3031 in

155 3078 193 3122 eo
222 3079 273 3122 me
301 3060 334 3122 et
359 3058 463 3122 multe
489 3060 522 3121 et
547 3057 736 3141 longissime
764 3076 784 3119 e
806 3054 919 3119 studiis
946 3055 1026 3119 meis
1053 3055 1109 3120 eb-

154 3145 322 3211 horrentio
343 3143 476 3231 negotiu
490 3148 680 3229 occupatum
703 3145 798 3229 etque
822 3142 1031 3208 exercitatum
1052 3144 1109 3210 hu-

154 3233 302 3300 buerunt.
332 3231 429 3317 Nem,
450 3235 489 3298 ut
510 3236 616 3297 cetere
633 3234 767 3318 taceam,
789 3231 841 3297 his
862 3231 974 3316 paucis
997 3231 1108 3297 diebus

154 3320 204 3386 bis
227 3321 307 3386 mihi
320 3322 458 3387 Romam
473 3320 612 3386 eundum
633 3320 710 3404 fuit3
735 3319 820 3406 quod
841 3320 902 3384 etsi
923 3320 993 3384 leve
1007 3319 1109 3384 videri

154 3412 275 3494 potest,
301 3413 412 3475 temen
435 3430 491 3475 cce
517 3409 598 3474 mihi
624 3408 839 3495 profectiones
867 3409 940 3473 octo
970 3406 1109 3490 emplius

229 3563 249 3632 ι)
267 3564 330 3622 Vol.
349 3566 370 3620 I.
389 3581 429 3620 or.
443 3563 491 3620 IV.
