2656 3910
456 195 754 292 arisroirmn.
1037 235 1080 299 35

123 379 244 445 scribit.
274 379 351 460 Quis
363 385 449 463 repet
460 380 515 446 hec
527 380 683 446 nimium?
706 379 753 443 ait
761 377 927 464 Hispanus
940 383 1044 463 poeta.
1053 377 1078 465 1)

124 468 187 533 Sed
211 468 254 532 sit
276 469 369 552 satis,
396 469 510 534 saltem
538 491 578 533 ne
606 490 657 532 me
685 468 878 545 traduceret,
902 467 957 534 sed
980 465 1080 552 (quod

124 577 251 639 semper
278 557 460 641 pollicetur,
488 578 653 642 nunquam
680 555 837 640 praestat)
864 576 968 640 nugas
991 565 1085 619 meas

123 645 247 729 legeret
274 645 369 709 solue.
413 643 523 724 Nune,
551 645 626 728 quia
661 644 707 708 ita
734 665 785 708 me
818 647 917 722 amat,
944 647 982 708 ut
1008 664 1081 708 mea

125 733 236 797 omnia
256 732 403 810 miretur,
430 751 488 797 vos
512 754 636 818 quoque
664 732 726 797 sibi
749 753 817 796 esse
844 731 940 795 huius
963 733 1080 797 erroris

125 821 229 885 socios
255 823 350 904 putat
376 823 410 885 et
436 843 474 886 ea
501 835 595 906 saepe
622 819 714 887 vobis
747 823 783 884 ut
815 819 1002 884 admiranda
1035 819 1080 883 di-

124 908 249 986 laudat,
278 930 358 993 quae
386 931 457 988 vos,
489 913 540 973 sat
571 909 650 987 scio,
683 909 939 973 contemneretis.
984 907 1080 972 Mitto

125 998 240 1061 cetera.
270 995 343 1061 Hoc
366 997 404 1060 de
418 995 539 1060 Graeca
560 996 728 1081 tragoedia
746 997 839 1081 quale
862 996 932 1059 est?
967 994 1081 1079 Neque

126 1083 214 1148 enim
228 1084 285 1146 uni
306 1083 376 1161 tibi,
398 1086 435 1147 ut
447 1086 551 1167 putea,
573 1084 629 1148 sed
653 1084 724 1148 aliis
739 1083 955 1167 compluribus
970 1082 1081 1146 amicis

127 1171 217 1256 dixit,
239 1171 357 1235 vidisse
381 1191 414 1235 se
429 1171 514 1254 apud
528 1193 579 1236 me
593 1171 794 1256 tragoediam
808 1171 970 1255 quandam
986 1169 1081 1235 Grae·

127 1282 198 1324 cam
221 1258 455 1324 admirabilem:
484 1281 557 1325 cum
584 1263 693 1324 tamen
721 1280 781 1345 ego
809 1257 924 1324 Latine
953 1259 1082 1344 quidem

127 1348 207 1414 duas
234 1351 307 1412 tant
307 1370 363 1413 um
390 1348 646 1414 adolescentulus
676 1349 860 1433 tragoedias
892 1349 1083 1432 scripserim,

128 1437 167 1500 de
195 1435 319 1501 Graeca
350 1437 518 1522 tragoedia
550 1437 719 1502 scribenda
751 1458 930 1521 nunquam,
957 1458 998 1500 ne
1025 1458 1082 1520 per

128 1524 663 1696 ettttnqtlbtltllt
685 1525 783 1676 ill
796 1522 1083 1696 itgltdlllil

129 1700 186 1763 illa
216 1699 385 1783 tragoedia
417 1663 600 1763 concitabit·
632 1699 757 1781 multis,
785 1699 839 1782 qui
867 1720 905 1761 ex
934 1720 971 1762 eo
1003 1698 1084 1762 illud

130 1786 313 1871 audierant,
340 1787 408 1850 eius
435 1786 591 1871 legendae
617 1749 811 1870 potestatem
843 1786 904 1850 sibi
931 1786 1001 1850 fieri
1027 1807 1084 1869 po·

131 1875 326 1937 stulantibus
354 1894 557 1959 mecumque,
585 1874 670 1958 quod
697 1873 731 1938 id
760 1895 826 1938 non
852 1874 1005 1959 facerem,
1032 1895 1084 1938 ex·

131 1960 380 2044 postulantibus.
407 1959 593 2025 Narrabot
579 1963 639 2026 tibi
652 1983 721 2025 rem
743 1965 856 2045 totam,
879 1966 915 2027 ut
937 1966 973 2027 tu
987 1985 1084 2046 porro

131 2067 263 2112 narrare
291 2047 362 2110 aliis
389 2047 503 2130 possis.
549 2047 753 2132 sumpseram
782 2013 917 2114 haudt
891 2055 938 2114 1ta
960 2051 1085 2152 pridem

133 2134 289 2200 otiosus
279 2156 315 2199 ιιι
337 2156 453 2199 manus
477 2133 616 2200 Senecae
638 2135 822 2220 tragoedias
837 2159 962 2238 ,easque
986 2138 1086 2201 animi

131 2245 246 2287 caussa
269 2222 454 2288 evolvebam
478 2245 515 2288 ae
534 2223 617 2289 forte
640 2223 843 2288 incideram'
834 2245 869 2288 ιιι
890 2225 1085 2308 principium

131 2311 302 2377 Troadum.
346 2311 398 2376 Ita
430 2312 517 2376 enim
547 2311 726 2378 vocandam
757 2315 850 2396 put,
877 2334 958 2396 quae
987 2313 1085 2397 vulgo

131 2400 249 2464 dicitur
270 2399 382 2465 Troas.
409 2399 520 2464 Libuit
542 2403 678 2484 tentare,
700 2421 779 2465 num
802 2399 879 2485 quid
902 2399 1070 2466 Graece
1045 2424 1085 2466 s1-

131 2488 207 2551 mile
230 2508 368 2572 possam,
391 2491 424 2551 et
446 2487 553 2600 subito
573 2451 712 2573 quoddm
734 2489 858 2574 impetu
885 2490 932 2554 ita
954 2511 1086 2555 exorsus

132 2596 218 2640 sum:

198 2702 246 2762 Er
263 2722 313 2774 τις
334 2695 490 2808 τυράννῳ
512 2696 626 2802 θνμὸν
650 2695 862 2807 ἐξαρθεὶς
821 2723 907 2785 rum

196 2785 332 2894 Φρένας
353 2785 476 2894 γέγηθε
499 2788 635 2895 γαῦρος,
658 2781 678 2871 ἢ
701 2783 913 2871 κομπάζεται,

196 2868 248 2949 Ἐς
271 2869 377 2939 ἀεὶ
344 2897 381 2938 το
406 2881 504 2939 θεῖον
526 2871 649 2939 ταναὸν
673 2874 807 2952 ἐλπίσας
828 2887 954 2958 μενεῖν,

196 2955 291 3064 Ἐμοί
310 2983 345 3024 τε
367 2965 426 3026 καί
445 2979 510 3043 σοι,
533 2957 693 3068 δύσμορε
706 2957 814 3067 Tpoff‚
834 2960 998 3046 ἐμβλέποι

201 3043 251 3111 Ov
281 3044 346 3132 γάρ
378 3043 458 3112 ποθ’
489 3050 524 3112 ot
553 3047 629 3113 θεοὶ
659 3043 699 3112 τὰ
730 3044 819 3133 παρὰ
846 3060 917 3124 τοῖς
946 3054 1087 3131 θνητοῖς

768 3153 805 3201 σε
830 3132 873 3201 vit

200 3221 437 3334 Σαφέστερον
438 3219 671 3306 initiatores
648 3249 693 3301 ως
713 3221 800 3290 πάντ
836 3220 978 3333 ἀσθενῆ,

199 3317 271 3376 Παί
257 3307 391 3378 ί’δων
362 3335 380 3377 c
416 3307 568 3422 ἄθυρμα
575 3311 630 3378 καὶ
652 3314 782 3378 καπνοῦ
806 3330 899 3390 σκιας
921 3337 1014 3420 οναρ.

202 3401 282 3482 Φεῦ,
304 3401 380 3484 φεῦ,
402 3397 439 3466 τὸ
462 3397 596 3467 κλεινὸν
619 3404 754 3486 ἔρεισμα
776 3403 834 3485 τῆς
855 3400 935 3485 πρὶν
958 3396 1073 3484 ὀλβίας

207 3553 381 3622 ¹)Martralia
400 3558 486 3629 epigr.
500 3559 547 3614 XI.
566 3565 609 3628 2³,
628 3565 654 3614 ³.
704 3557 784 3626 Ἴθι.
804 3559 886 3678 Verg.
900 3558 969 3614 Aen.
983 3559 1004 3627 l,
1024 3565 1082 3614 529.

835 3651 850 3699 3
