2658 3914
476 219 594 278 CAPUT
613 218 739 279 XXXVI.
1021 219 1083 284 167

126 369 266 450 malunt,
289 365 478 451 quotidiana
500 363 718 447 experimenta
683 361 913 427 ttdeelaran
890 362 1083 428 tlneom-

126 455 223 520 moda
248 454 361 539 igitur,
389 475 471 538 quae
496 451 580 516 nivis
607 454 720 535 potum
752 454 890 534 sequunt
891 472 944 534 ur,
972 450 1084 552 fugere

127 545 292 608 ettamen
315 541 444 606 aestivis
458 540 621 604 mensibus
644 539 797 622 frigidum
819 537 928 602 bibere
952 539 1007 623 qui
1029 560 1084 604 vo·
1164 597 1170 610 .

126 631 214 713 lunt,
236 629 322 694 vasis
344 627 524 712 duplicibus
538 627 588 692 ιιιι
602 627 708 692 solent
720 647 738 690 e
751 626 940 690 tenuissima
962 627 1085 690 lamina

127 739 166 782 eo
190 716 323 782 artifieio
346 716 454 798 factis,
476 718 514 779 ut
535 715 646 779 vinum
665 716 722 778 aut
740 735 866 798 aquam,
890 734 971 798 quae
993 714 1085 797 potui

128 808 269 889 paratur,
283 804 371 868 omni
385 803 514 889 quidem
528 823 567 866 ex
580 805 672 886 parte
686 802 742 865 nix
756 802 890 885 ambiat,
905 801 961 867 sed
974 822 1085 866 eorum

127 896 239 957 tamen
264 895 415 956 neutrum
442 891 611 975 contingat
640 910 745 974 neque
773 911 845 954 cum
877 889 923 954 eis
955 889 1085 954 commi-

128 983 263 1044 sceatur.
317 978 369 1042 Ita
390 979 440 1060 fit,
462 982 501 1042 ut
521 997 625 1062 neque
648 977 763 1041 bibant
784 977 900 1059 nivem,
923 977 956 1040 et
977 979 1086 1040 tamen

127 1066 339 1130 nihilominus
352 1065 505 1149 frigddum
518 1064 641 1147 bibant,
656 1085 753 1147 quam
768 1064 796 1129 si
809 1063 958 1127 biberent
969 1063 1085 1127 nivem.

128 1154 180 1218 Ea
201 1174 254 1218 me
281 1152 509 1218 consuetudine
536 1154 680 1215 utentem
703 1172 775 1216 cum
803 1151 924 1216 amicus
948 1151 1086 1236 quidam,

129 1242 185 1326 qui
212 1240 404 1306 medicinam
430 1238 612 1323 factitabat,
643 1249 703 1324 pro
730 1242 842 1306 nostra
868 1239 1086 1304 familiaritate

129 1329 388 1414 reprehenderet,
411 1327 474 1394 Vel
487 1348 526 1392 ex
539 1326 713 1411 Maarobi0‚
734 1326 853 1412 inquit,
877 1327 904 1392 si
926 1327 1009 1392 forte
1030 1348 1086 1392 no·

131 1421 270 1482 atrorum
289 1417 389 1482 libros
402 1416 510 1482 minus
527 1415 714 1501 frequenter
735 1415 869 1498 lectitas,
893 1415 1012 1480 discere
1029 1437 1086 1498 po-

129 1507 230 1588 teras,
252 1505 359 1568 nivem
383 1505 454 1589 quis
468 1525 511 1568 an
524 1525 642 1589 aquam
664 1503 727 1568 isto
746 1503 842 1568 modo
865 1503 1087 1587 refrigeratam
1137 1540 1143 1548 ·

130 1591 235 1673 bibat,
257 1592 339 1654 nihil
360 1591 523 1655 interesse.
559 1589 703 1674 Oumque
722 1610 782 1675 ego
807 1589 974 1654 subridens
998 1589 1086 1674 quid-

131 1699 229 1762 quam
251 1679 316 1741 tale
340 1678 425 1761 aqud
438 1677 638 1742 Macrobium
650 1677 716 1760 legi
734 1677 932 1760 abnuissem,
954 1676 1088 1759 Iubesis,

131 1766 237 1849 inquit
263 1765 331 1847 ille,
358 1764 493 1847 proferri
519 1764 646 1828 librum.
696 1761 766 1838 Quo
793 1763 919 1847 prolato
946 1763 992 1827 ita
1020 1764 1088 1848 qui-

133 1852 205 1916 dem
232 1852 267 1916 in
295 1873 332 1916 eo
360 1851 514 1936 scriptum
540 1850 717 1934 reperimus
725 1848 765 1936 ¹):
792 1851 866 1916 Iam
887 1851 1017 1929 dudum,
1038 1852 1088 1915 ia·

131 1941 201 2022 quit
221 1940 372 2017 Auienus,
395 1957 482 2004 nosse
504 1959 588 2016 aueo,
611 1959 666 2002 aar
679 1959 770 2020 aqua,
792 1939 1089 2022 quaeobsa'tuqlobis

132 2028 252 2092 alatum
268 2025 451 2109 perducitur
472 2027 516 2090 ud
535 2027 668 2090 nivalem
681 2027 825 2108 ιιρονιιι,
847 2046 911 2090 aaa
928 2029 1032 2092 minus
1053 2029 1090 2090 ia

128 2119 206 2197 poa
227 2116 323 2180 anaia
345 2118 400 2192 est,
422 2133 515 2196 quam
529 2114 728 2196 uaesaniae
750 2133 833 2196 aqua
853 2115 994 2179 resoluta.
1027 2111 1089 2178 Sed

133 2204 174 2266 ad
195 2202 270 2267 libri
283 2202 463 2287 marginem
477 2201 673 2285 adscriptum
687 2203 756 2265 erat
772 2221 845 2266 mea
863 2222 969 2285 manu,
991 2202 1089 2284 parti-

133 2291 239 2355 eulam
264 2311 327 2356 aon
353 2290 529 2355 redundare
557 2293 590 2353 et
617 2288 784 2354 delendam
807 2288 915 2355 videri.
959 2286 1006 2352 At
1027 2289 1089 2371 ille,

133 2377 216 2461 Isto,
247 2379 281 2441 in
283 2379 364 2463 quit,
396 2378 492 2442 modo
523 2377 618 2441 facile
649 2377 748 2441 fuerit
779 2377 910 2442 cuilibet
941 2339 1091 2460 scriptori

135 2465 311 2547 quamlibet
333 2466 527 2530 sententiam
549 2464 764 2550 affingere,
738 2487 766 2530 ιι
788 2485 827 2529 ex
848 2463 1021 2549 negatione
1044 2463 1090 2528 af-

134 2551 349 2616 firmationem
375 2552 479 2616 faeere
505 2553 609 2617 lieeat.
659 2552 742 2617 Tum
770 2572 845 2638 ego,
873 2550 1012 2635 Quaeso,
1041 2552 1089 2615 in-

136 2660 245 2723 quam,
268 2638 435 2704 considera
457 2660 567 2704 earum
588 2639 751 2705 rationum
773 2643 950 2724 momenta,
973 2639 1090 2724 quibus

135 2727 245 2791 statim
268 2727 461 2792 sententiam
485 2749 576 2792 suam
594 2728 770 2811 confirmat,
793 2730 830 2791 ut
849 2729 958 2811 aperte
981 2727 1090 2792 videas

133 2815 340 2898 negationem
363 2835 432 2880 esse
454 2815 639 2880 tollendam.
675 2815 733 2878 Ait
755 2815 841 2878 enim
855 2836 972 2899 aquam
986 2835 1003 2877 e
1017 2815 1090 2878 nive

134 2900 307 2985 liquefacta
332 2923 400 2966 non
428 2904 496 2968 solo
523 2903 644 2987 frigore
671 2922 801 2966 nouere:
834 2900 920 2986 quod
947 2901 976 2965 si
998 2904 1091 2983 esset,

134 2987 254 3051 faterer
275 2989 345 3071 tibi,
367 3010 466 3071 aeque
489 2990 619 3053 noxiam
642 3009 712 3052 esse
726 3009 842 3072 aquam
862 3009 900 3050 ex
922 2987 1012 3053 fonte
1036 2990 1092 3051 aut

136 3095 175 3139 ex
197 3078 304 3160 puteo,
327 3079 384 3140 aut
407 3076 504 3139 etiam
526 3096 606 3158 eam,
630 3097 693 3159 qua
707 3094 767 3160 ego
782 3079 818 3138 ut
841 3075 984 3139 omnium
1009 3075 1090 3139 salu-

135 3163 276 3228 berrima
297 3166 384 3246 utor,
413 3184 530 3247 aquam
551 3162 707 3247 pluviam,
730 3162 926 3227 circumdata
946 3162 1020 3228 nive
1043 3185 1091 3228 re-

135 3251 337 3335 frigeratam:
361 3250 417 3315 sed
440 3271 508 3315 esse
530 3250 566 3314 in
588 3251 645 3314 illa
658 3250 744 3315 aliud
757 3272 824 3315 non
842 3251 948 3316 minus
970 3251 1090 3316 ineam-

46 3412 52 3420 ,
136 3339 276 3404 modum.
322 3335 403 3404 (lum
427 3338 512 3402 enim
534 3338 651 3403 humor
673 3338 706 3404 ιι
727 3338 858 3424 frigoris
881 3339 1032 3404 densetur
1054 3360 1092 3402 aa

210 3526 229 3598 ¹)
250 3525 358 3584 Satura.
377 3528 437 3583 VII.
458 3535 498 3584 le.
