2658 3914
245 207 307 270 154
611 206 695 259 VAR.
714 205 815 259 LECT.

242 351 327 414 vitae
359 349 570 414 mundissimo
607 370 644 413 ae
676 349 854 414 castissimo
887 349 1042 414 orationis
1079 369 1211 434 genere

243 437 450 521 explicantur.
501 437 586 500 Eum
613 459 716 520 nuper
739 458 811 500 eum
839 436 939 501 animi
966 457 1080 501 caussa
1111 439 1210 502 evol-

241 547 401 607 veremus‚
423 524 458 587 in
471 524 542 606 ipsa
557 525 666 588 statim
689 525 888 607 praefatione
912 525 1062 609 quiddam
1086 524 1208 608 depre-

241 613 426 695 hendimus,
454 612 538 695 quod
566 633 643 676 sane
670 613 778 676 mirati
805 634 923 676 sumus.
974 611 1083 697 Negat
1109 613 1208 678 enim

242 699 382 777 Cimoni,
415 721 539 764 summo
570 698 818 764 Atheniensium
849 701 932 777 viro,
963 704 1057 783 turpe
1088 701 1207 783 fuisse,

241 809 384 852 sororem
412 807 599 872 germanam
627 787 746 851 habere
769 789 804 850 in
830 788 1049 864 matrimonio,
1077 788 1206 872 quippe

241 895 314 939 oum
337 875 422 939 cives
444 875 512 939 eius
534 875 645 939 eodem
659 878 825 939 uterentur
838 876 997 940 instituto.
1032 874 1104 960 Ego
1119 898 1204 942 vero

241 963 280 1026 de
310 961 416 1026 Persis
445 966 478 1027 et
505 963 575 1027 aliis
609 963 800 1047 quibusdam
831 963 977 1028 barbaris
1008 963 1202 1029 nationibus

242 1073 336 1135 saepe
360 1051 393 1115 id
416 1054 569 1136 legeram:
594 1051 632 1115 de
655 1050 908 1115 Atheniensibus
931 1050 1013 1115 nihil
1035 1054 1108 1134 tale,
1131 1053 1203 1118 nisi

242 1140 282 1204 ab
306 1160 358 1224 eo,
381 1141 589 1203 memineram
611 1139 775 1222 proditum
798 1160 875 1204 esse.
915 1138 1029 1222 Itaque
1053 1161 1124 1203 cum
1149 1143 1201 1204 at-

240 1227 361 1290 tentius
385 1227 423 1290 de
447 1248 484 1290 eo
509 1226 649 1310 cogitare
673 1227 848 1310 coepissem
871 1227 1024 1310 quasique
1048 1231 1200 1293 excutere

170 1323 174 1330 ’
241 1314 429 1379 memoriam
452 1335 568 1396 meam,
591 1315 776 1378 recordatus
791 1336 861 1378 sum
884 1315 947 1379 loci
970 1315 1133 1379 cuiusdam
1157 1339 1200 1380 ex

241 1401 403 1486 oratione,
427 1423 523 1486 quam
537 1402 779 1485 antiquissimus
802 1405 835 1466 et
847 1403 1067 1468 nobilissimus
1087 1407 1200 1468 orator

241 1489 424 1555 Andocides
447 1490 598 1554 adversus
621 1487 821 1553 Alcibiadem
844 1489 967 1574 habuit,
991 1491 1045 1574 qui
1068 1512 1106 1554 ex
1129 1491 1198 1556 dia-

240 1580 353 1657 metro,
375 1581 413 1642 ut
435 1579 538 1660 aiunt,
562 1598 635 1641 eum
658 1599 710 1656 eo,
733 1578 818 1661 quod
841 1577 881 1641 ab
906 1576 1045 1643 Aemilio
1067 1579 1198 1664 dieitur,

240 1670 373 1751 pugnat.
415 1664 564 1730 Ostendit
586 1665 673 1729 enim
702 1687 773 1730 eam
795 1667 898 1749 ipsam
921 1665 1020 1733 fuisse
1040 1689 1197 1752 caussam,

240 1775 297 1818 our
321 1753 436 1820 Cimon
462 1755 498 1818 in
525 1753 654 1817 exilium
681 1755 797 1818 missus
826 1754 868 1818 sit
898 1757 1054 1838 tanquam
1085 1756 1196 1840 legum

241 1845 452 1925 contemptor.
496 1841 609 1924 Neque
633 1842 803 1927 quicquam
821 1843 851 1905 ei
873 1842 1040 1926 profuisse,
1063 1844 1148 1926 quod
1163 1849 1196 1909 et

240 1929 309 2011 ipse
333 1929 480 2013 Olympia
501 1929 631 1994 vicisset
652 1933 685 1993 et
707 1933 806 2013 pater.
851 1928 984 1993 Veteres
1008 1931 1094 1994 enim
1121 1932 1195 1997 illos

240 2037 307 2080 non
331 2018 539 2081 certaminum
563 2020 619 2080 aut
640 2018 860 2100 victoriarum,
884 2017 939 2080 sed
961 2018 1070 2102 legum
1094 2023 1126 2083 et
1147 2021 1194 2084 in-

241 2105 319 2168 stiut
321 2107 458 2170 torum'
448 2127 483 2168 m
506 2104 676 2170 iudicando
699 2105 922 2170 habuisset
871 2109 922 2168 rat
922 2105 1039 2170 ionem
1083 2105 1194 2172 Ando-

240 2194 319 2258 cidis
342 2195 440 2258 verba
470 2195 497 2258 si
521 2193 592 2298 quis
614 2193 760 2276 requirit,
787 2194 867 2257 haec
891 2191 1012 2300 sunt¹):
1033 2187 1195 2279 Ἀναμνή-

241 2287 344 2365 οθητε
372 2279 409 2346 de
436 2279 490 2346 καὶ
513 2275 591 2354 τοὺς
613 2277 813 2364 προγόνους,
836 2274 881 2355 ὡς
907 2275 1032 2362 ἀγαθοὶ
1053 2279 1108 2346 καὶ
1132 2281 1193 2348 σοι’-

143 2437 150 2454 ,
241 2392 364 2452 φρονες
398 2359 511 2480 poan,
532 2368 653 2441 οἵτινες
688 2363 931 2474 ἐξωστράκισαν
963 2371 1105 2452 Κίμωνα
1137 2368 1193 2436 διὰ

240 2461 460 2562 πορννομίοιυ,
492 2477 542 2520 οτι
573 2455 612 2562 τῇ
637 2449 771 2562 ἀδελφῇ
799 2456 839 2540 τῇ
872 2452 992 2520 ἑαυτοῦ
1023 2454 1194 2546 συνιόκισε.

241 2547 361 2608 Καίτοι
385 2537 426 2607 οὐ
446 2539 555 2650 μόνον
570 2538 669 2618 αὐτὸς
689 2533 978 2651 Ὀλυμπιονίκης
958 2567 1026 2650 ην,
1033 2523 1116 2610 ἀλλὰ
1138 2547 1194 2611 καὶ

242 2626 259 2695 ὁ
283 2627 390 2715 πατὴρ
414 2654 517 2695 οιυτου
539 2627 760 2741 Mctrcddq9.
776 2625 885 2695 ἀλλ’
873 2626 965 2738 ὅμως
988 2626 1135 2697 oddlo‘
1117 2655 1194 2698 υπε-

242 2721 410 2800 λογίζοντο
433 2714 492 2795 τὰς
513 2721 615 2795 νίκας.
661 2714 702 2784 οὐ
723 2715 787 2803 γὰρ
809 2718 844 2783 ἐν
862 2720 929 2784 τῶν
948 2713 1100 2803 ἀγώνων,
1123 2715 1190 2787 ἀλλ’

243 2805 278 2871 ἐκ
300 2807 368 2872 τῶν
391 2802 658 2913 ἐπιτηδευμάτων
685 2810 818 2892 ἐκρινον
837 2801 950 2872 αὐτόν.
993 2806 1033 2871 In
1053 2811 1175 2893 vulgat
1166 2833 1193 2874 1s

241 2899 351 2960 tamen
377 2897 468 2961 libris
491 2890 652 2978 Κόνωνα,
678 2917 746 2960 non
768 2898 909 2979 Κίμωνα
930 2895 1080 2980 legimus,
1107 2900 1192 2980 quod

242 2985 394 3050 mendum
413 3007 481 3049 esse
499 2985 702 3049 librariorum
728 2986 820 3068 put03
848 2984 887 3048 ab
916 2983 986 3046 aliis
1014 2985 1100 3048 enim
1127 3007 1192 3050 om-

241 3074 337 3138 nibus
361 3072 527 3138 Cimonem
549 3073 657 3137 vocari
678 3073 779 3137 video.
815 3070 928 3156 Neque
950 3071 1074 3157 pigebit
1088 3095 1192 3138 emen-

243 3162 318 3225 dare
340 3162 447 3225 locum
471 3161 629 3262 quendam
644 3183 661 3224 e
683 3161 766 3224 libro
781 3164 870 3224 sexto
884 3160 1006 3225 Valerii
1020 3158 1193 3247 Maximilp

242 3248 298 3311 ubi
322 3249 359 3311 de
382 3247 479 3312 hoo
470 3271 541 3331 1pso
565 3246 698 3312 Cimone
721 3249 766 3311 ita
790 3249 944 3348 scriptum
968 3252 1030 3312 est:
1058 3247 1194 3316 Cimonis

242 3356 310 3400 νινο
340 3336 529 3400 incunabulo
560 3336 701 3415 opinione
736 3335 835 3400 stultit
798 3336 883 3399 ιιιιοι
915 3336 1043 3416 fauent
1072 3337 1194 3418 referta.

316 3525 335 3591 ¹)
355 3523 432 3578 Toni.
451 3524 498 3577 IV.
517 3541 544 3594 p.
565 3529 615 3578 129
633 3523 727 3579 Reisk.
800 3523 820 3592 ⁹)
840 3541 862 3578 c.
883 3530 924 3578 11.
