2656 3910
227 249 272 311 24
571 246 751 302 EPISTOLA
769 247 841 302 XIX,

228 392 295 456 dies
317 390 528 456 abstulerunt.
555 387 680 454 Deinde
695 389 780 474 quod
794 390 912 455 multos
925 390 990 455 iam
1005 394 1038 456 et
1055 413 1184 460 menses

229 485 261 544 et
284 501 386 544 annos
414 477 574 543 intermisi
599 478 726 561 poetica
749 478 867 561 studia,
895 482 933 544 ut
955 480 1082 545 etiamsi
1105 481 1183 564 quid

229 568 306 632 olim
332 567 447 631 fuisset
472 566 508 629 in
535 586 587 629 me
614 565 681 630 eius
708 564 885 650 facultatis,
913 567 998 651 quod
1026 589 1103 632 sane
1126 573 1185 634 aut

228 656 310 719 nihil
332 658 388 719 aut
409 657 563 738 pertenue
585 652 737 737 quiddam
759 656 792 718 et
812 655 1021 740 perexiguum
1043 655 1114 740 fuir,
1137 657 1182 722 ef·

228 743 358 808 firmisse
379 742 414 806 id
434 746 544 806 tamen
558 744 591 804 et
614 742 774 806 exaruisse
787 762 916 807 necesse
931 743 981 808 siu
1012 742 1184 810 Postremo

230 831 297 915 (dat
316 825 381 915 γὰρ
409 824 540 912 τάληθῆ
563 826 685 912 λέγειν)
712 829 885 894 tardiorem
908 851 959 894 me
982 853 1020 895 ac
1041 831 1182 897 timidio-

229 941 296 983 rem
323 918 402 983 facit
428 917 625 1002 exspectatio
651 917 721 1000 illa,
744 939 840 1001 quam
868 919 907 982 de
933 919 1014 984 meis
1036 920 1183 985 versibus

230 1008 422 1073 concitatam
450 1027 519 1071 esse
547 1005 668 1070 scribis.
714 1003 782 1070 Scis
810 1007 909 1089 enim,
932 1027 1029 1090 quam
1057 1008 1181 1073 inutilis
1310 1083 1311 1086 Ἴ

229 1118 267 1160 ea
298 1099 394 1178 atque
426 1094 530 1158 aliena
562 1093 605 1158 sit
630 1094 755 1176 placere
785 1094 994 1177 cupientibus.
1039 1093 1125 1160 Nam
1153 1097 1182 1161 si
1310 1087 1311 1124 l

229 1182 308 1247 illud
322 1205 341 1246 a
355 1204 405 1246 me
419 1182 609 1266 postulatur,
631 1184 669 1245 ut
685 1183 814 1246 tuorum
829 1182 1021 1267 elegantiam
1039 1204 1182 1268 aequem,
1312 1221 1313 1268 ι

230 1273 303 1335 ate
330 1271 402 1353 ipso
429 1269 509 1333 mihi
536 1289 666 1333 versura
692 1269 841 1333 faciunda
869 1270 974 1335 fuerit.
1019 1269 1102 1335 Utut
1123 1274 1183 1356 est,

229 1358 409 1423 meditabor
442 1360 553 1420 tammr
587 1356 773 1440 propediem
808 1357 942 1442 aliquid:
979 1359 1035 1423 sed
1066 1359 1094 1423 si
1129 1379 1182 1423 me

230 1468 328 1529 amas,
351 1443 450 1530 (quod
465 1444 592 1528 quidem
614 1444 661 1507 ita
683 1443 763 1508 milri
784 1446 983 1530 perspexisse
1005 1446 1123 1531 videor,
1145 1450 1183 1512 ut

230 1535 308 1619 quin
330 1532 376 1599 ita
399 1533 442 1598 sit
464 1532 609 1597 dubitare
632 1553 699 1596 non
721 1532 877 1618 debeam)
900 1534 1018 1618 minue,
1040 1534 1184 1619 obsecro,

229 1625 385 1709 quantum
411 1625 518 1707 potes,
539 1621 637 1685 istam
660 1621 943 1705 exspectationem:
967 1643 1005 1686 ac
1025 1622 1182 1706 prospice,
1310 1665 1314 1690 l

228 1714 265 1776 ut
286 1711 341 1775 ille
364 1711 485 1775 amicus
506 1714 582 1774 tuus
600 1730 620 1772 a
641 1729 702 1792 me,
724 1712 879 1793 tanquam
902 1711 1020 1774 amalo
1042 1711 1182 1795 nomine,

229 1804 266 1862 ut
287 1820 447 1882 nummos,
468 1799 516 1862 ita
529 1818 648 1879 versus,
670 1797 797 1861 etiamsi
810 1818 913 1881 neque
927 1799 1068 1882 optimae
1085 1801 1182 1863 notae

229 1890 324 1951 erunt
344 1907 448 1970 neque
470 1885 546 1949 iusti
564 1884 723 1967 ponderis,
745 1905 846 1968 aequo
868 1887 978 1950 tamen
1000 1887 1107 1951 animo
1131 1907 1181 1951 ac-

230 1972 393 2058 cipiendos
420 1975 520 2056 putet.
564 1971 651 2036 Bene
678 1971 813 2056 factum,
839 1973 924 2057 quod
950 1977 983 2037 te
1013 1972 1183 2039 Societatis

229 2065 354 2126 vestrae
377 2061 531 2146 magister
544 2059 666 2125 Romae
688 2061 891 2125 retinendum
913 2061 1072 2126 iudicavit.
1099 2061 1183 2126 Mihi

230 2150 335 2234 crede,
357 2169 508 2234 magnam
531 2149 712 2213 molestiam
735 2148 889 2231 cepissem
912 2170 929 2212 e
952 2149 1093 2214 discessu
1114 2152 1182 2215 tuo.
1314 2205 1315 2220 ,

147 2262 149 2268 ·
229 2237 324 2305 Nunc
352 2259 444 2322 spero
472 2237 553 2320 fore,
581 2257 653 2300 cum
680 2235 763 2299 istuc
789 2235 925 2320 rediero,
952 2240 989 2301 ut
1015 2237 1103 2301 fruar
1124 2241 1184 2301 tua

230 2326 420 2391 suavissima
442 2324 584 2407 mihique
599 2322 802 2407 optatissima
824 2324 1061 2407 consuetudine,
1085 2346 1184 2408 quam

229 2435 290 2498 ego
313 2412 425 2496 quanti
447 2411 577 2493 faciam,
605 2431 698 2494 spero
720 2412 753 2474 te
775 2432 809 2475 re
835 2412 908 2494 ipsa
934 2412 1106 2497 aliquando
1129 2433 1184 2477 co·

230 2501 403 2586 gnitumm.
437 2497 527 2563 Vale.
550 2497 677 2563 Tibure.
699 2515 767 2563 xvu
781 2498 915 2566 Kalend.
940 2497 1025 2584 Sept.
1039 2517 1185 2566 unum.

661 2813 750 2879 XIX.

422 2940 472 3017 Μ.
495 2940 738 3014 ANTONIUS
765 2939 988 3014 MURETUS

676 3077 698 3119 8.
711 3077 739 3118 Ι).

350 3194 352 3198 -
455 3163 619 3219 HORATIO
638 3163 861 3220 CARDANETO
881 3161 958 3218 SUO.

298 3287 417 3364 Quidni
440 3288 526 3352 enim
548 3291 581 3353 te
603 3309 711 3352 meum
732 3308 852 3371 vocem,
870 3286 987 3352 Horati
1010 3286 1130 3369 optime
1154 3291 1191 3352 et

231 3375 475 3457 humanissime,
503 3397 575 3440 cum
598 3377 631 3439 et
657 3376 725 3459 ipse
745 3378 784 3440 te
813 3375 1018 3460 singulariter
1044 3373 1190 3458 diligam,

233 3468 265 3527 et
287 3485 338 3527 me
361 3463 409 3526 ita
429 3463 490 3527 tihi
513 3485 622 3527 carum
645 3483 713 3526 esse
741 3462 891 3546 sentiam,
918 3464 955 3525 ut
976 3461 1057 3525 nulli
1078 3463 1111 3525 te
1133 3482 1190 3526 ve·

232 3555 337 3614 terum
369 3549 544 3614 amicorum
574 3570 721 3615 meorum
751 3550 787 3614 in
817 3570 868 3614 me
901 3549 1039 3614 amando
1076 3548 1191 3614 cedere
