2656 3910
523 211 703 268 EPISTOLA
721 210 844 266 LXXIV.
1098 207 1159 271 101

614 405 759 472 LXXIV.

394 534 442 609 M.
470 531 712 606 ANTONIUS
739 529 974 604 MURETUS.

457 667 632 724 ΡΟΜΡΠᾸΟ
651 666 824 722 AMASAEO
844 663 913 722 SUO

633 777 636 782 '
653 773 674 816 S.
688 773 715 814 Ι).

277 881 368 957 Quod
386 881 427 944 ad
445 882 665 946 amantissime
685 881 821 964 scriptas
835 880 958 944 litteras
972 884 1045 944 tuas
1060 879 1161 944 serius

210 991 306 1052 quam
330 990 390 1051 par
412 973 482 1032 erat
503 969 691 1052 respondeo,
712 972 787 1051 peto
811 989 831 1030 a
852 970 894 1049 te,
916 971 954 1030 ut
975 968 1008 1031 id
1030 988 1089 1049 pro
1112 989 1160 1030 ce-

209 1061 278 1121 tera
300 1060 357 1120 tua
379 1056 580 1120 humanitate
602 1059 778 1141 nostraque
800 1055 901 1118 veteri
924 1054 1072 1136 amicitia,
1095 1075 1161 1118 non

210 1145 314 1208 dicam
337 1144 614 1227 occupationibus,
638 1144 693 1208 sed
716 1143 851 1208 afflictae
874 1141 1050 1206 valetudini
1071 1163 1162 1205 meae

210 1233 382 1316 multisque
410 1231 579 1316 molestiis,
607 1232 722 1317 quibus
745 1231 806 1296 hoc
828 1234 897 1296 toto
919 1234 1064 1314 tempore
1087 1250 1161 1294 con-

209 1320 348 1385 flictatus
362 1341 443 1404 sum,
457 1319 703 1384 condonandum
716 1324 818 1403 putes.
850 1317 935 1384 Nam
949 1341 1022 1384 cum
1037 1322 1161 1382 sextum

210 1407 275 1471 iam
306 1429 449 1472 mensem
480 1408 580 1474 tantis
607 1408 760 1474 tibiarum
787 1429 824 1474 ac
851 1408 968 1491 pedum
995 1406 1159 1471 doloribus

210 1498 341 1560 vexatus
361 1496 430 1579 sim,
448 1499 485 1560 ut
503 1495 613 1560 ardere
630 1496 792 1560 interdum
809 1496 889 1559 mihi
906 1495 1038 1578 viderer,
1061 1515 1161 1579 eaque

211 1604 262 1648 res
285 1584 419 1648 etmihi
442 1604 589 1648 somnum
613 1584 768 1648 adimeret
785 1586 818 1646 et
835 1583 982 1665 efficeret,
1004 1585 1042 1646 ut
1058 1602 1161 1665 neque

211 1670 318 1735 cibum
341 1674 533 1753 appeterem,
556 1675 588 1734 et
605 1671 771 1753 idipsum,
794 1670 879 1752 quod
898 1669 1072 1752 capiebam,
1094 1689 1161 1732 non

211 1779 454 1842 concoquerem,
486 1758 570 1822 unde
602 1757 783 1822 mirabilem
810 1757 999 1820 cruditatem
1027 1756 1161 1819 existere

211 1867 340 1910 necesse
359 1849 441 1910 erat:
464 1845 511 1909 ita
530 1867 581 1908 me
600 1845 794 1951 diuturnitas
808 1845 912 1909 morbi
926 1848 959 1908 11
972 1844 1161 1951 magnitudo

212 1932 330 1996 doloris
366 1933 567 2040 efferaverat,
603 1927 692 1996 ut''
672 1929 787 2016 αγριός
817 1956 866 2008 τις
896 1929 951 1998 καὶ
984 1925 1162 2018 ἀπρόσιτος

212 2017 441 2118 γεγενημένος,
464 1982 597 2102 Telephi
619 2020 752 2084 alicuius
775 2024 831 2085 aut
844 2021 970 2086 Philoct
955 2024 1040 2086 11111
1064 2041 1160 2105 quam

213 2106 294 2188 eius,
318 2128 413 2190 quem
435 2127 486 2170 me
510 2107 604 2172 amici
627 2128 752 2190 semper
772 2109 1004 2192 iudicaverant,
1027 2108 1162 2173 similior

212 2156 343 2258 videier.
379 2193 561 2260 Accedebat
583 2215 621 2260 eo
644 2216 744 2279 aeque
766 2196 934 2261 diuturnus
958 2158 1027 2279 sed,
1053 2198 1161 2260 utres

211 2283 283 2365 ipsa
308 2303 429 2368 magno
452 2305 525 2348 cum
547 2304 619 2349 meo
641 2304 786 2348 moerore
809 2283 928 2366 docuit,
953 2246 1162 2366 periculosior

212 2371 343 2436 morbus
366 2372 558 2437 nobilissimi
581 2375 614 2436 11
631 2371 856 2438 humanissimi
875 2371 1086 2437 adolescentis
1100 2371 1160 2437 Po·

212 2457 288 2542 loni,
311 2459 374 2542 qui,
397 2481 469 2524 curn
492 2461 526 2524 in
549 2460 681 2526 aedibus
699 2461 778 2527 meis
802 2461 1022 2545 diversaretur,
1045 2460 1105 2524 sub
1127 2460 1161 2523 id

212 2545 277 2610 fere
299 2551 439 2630 tempus,
472 2568 535 2632 quo
558 2551 632 2612 tuae
654 2549 780 2614 litterae
802 2549 882 2614 mihi
908 2550 1049 2616 redditae
1077 2551 1161 2632 sunt,

212 2635 287 2699 tabe
314 2638 523 2719 consumptus
553 2639 615 2701 est:
643 2658 707 2722 quo
733 2640 844 2702 tantus
867 2640 1011 2702 cumulus
1035 2637 1162 2702 additus

213 2725 263 2786 est
294 2723 334 2788 ad
362 2723 452 2788 illam
479 2723 675 2816 superiorem
702 2726 802 2790 animi
829 2726 893 2790 mei
920 2725 1162 2810 aegritudinem,

212 2814 249 2872 ut
275 2811 398 2876 nullum
424 2814 565 2896 tempus,
596 2809 721 2876 nullum
747 2814 853 2878 locum
881 2813 997 2896 quietis
1023 2812 1162 2895 reperire

212 2918 348 2979 possem.
401 2897 497 2964 Nunc
524 2920 597 2963 cum
623 2897 684 2962 Dei
716 2899 870 2963 beneficio
902 2901 935 2962 et
960 2919 1060 2981 prope
1088 2918 1161 2962 con-

213 2985 379 3067 valuerim,
407 2988 440 3048 et
467 2985 660 3069 aegritudini
687 3006 726 3047 ex
748 2984 844 3048 amici
865 2987 968 3047 morte
991 2988 1163 3067 conceptae

213 3072 312 3136 dies
302 3093 373 3155 1psa
395 3072 566 3136 levationis
590 3071 711 3176 aliquid
725 3071 848 3134 adferre
862 3071 1010 3154 coeperit,
1032 3092 1163 3154 respon-

213 3159 294 3224 debo
322 3160 362 3223 ad
385 3159 510 3224 litteras
532 3161 605 3223 tuas
629 3153 685 3222 διὰ
707 3158 1001 3242 macarianae
1023 3160 1164 3244 primum

214 3247 298 3330 quod
325 3251 414 3312 vetas
442 3269 494 3312 me
522 3245 642 3312 amoris
665 3266 742 3332 erga
763 3268 815 3311 me
837 3248 886 3311 tui
909 3249 1164 3334 magnitudinem

211 3333 390 3400 litterarum
414 3335 570 3436 gravitate
593 3335 713 3399 metiri.
737 3355 796 3419 ego
819 3357 945 3421 quoque
964 3359 984 3401 a
1001 3340 1043 3419 te,
1066 3336 1163 3401 Ama-

213 3442 298 3504 saee,
325 3423 375 3486 vir
402 3423 522 3506 optime
550 3425 583 3486 et
605 3423 832 3505 eruditissime,
860 3429 950 3507 peto,
976 3427 1014 3488 ut
1039 3446 1165 3488 mecum

212 3472 350 3573 eodein'
341 3531 410 3574 rure
428 3511 539 3596 utaris,
561 3531 641 3574 11111
656 3532 694 3574 ex
707 3474 913 3576 litterar'um
902 3512 1030 3576 silentio
1044 3513 1165 3575 factam
