2656 3910
425 237 604 293 EPISTOLA
622 238 745 294 LXVIII.
1019 239 1058 302 91

101 401 140 442 re
164 399 269 442 meam
284 380 421 462 amplius
435 380 685 465 interponerem,
709 383 849 448 monuit:
873 383 934 448 sibi
952 386 1062 447 tamen

104 488 204 530 curae
226 467 310 551 fore,
332 470 369 531 ut
391 468 555 533 Victorius
579 470 718 553 aliquem
741 493 780 535 ex
803 493 874 535 mea
902 492 1061 537 commen-

106 555 238 619 datione
270 559 399 638 caperet
424 556 574 622 fructum.
628 557 713 622 Ama
741 579 806 642 me,
839 563 877 622 ut
907 559 1000 643 facis,
1031 562 1063 623 et

103 643 187 708 vale.
210 641 341 708 Romae.
364 662 433 708 xvl.
455 644 526 710 Kal.
550 644 712 729 Septemb.
734 664 901 712 mnuxxm.

505 789 665 798 ι----

517 872 667 940 LXVIH.
774 929 775 933 ,

304 997 353 1069 Μ.
380 997 623 1072 ANTONIUS
651 999 875 1072 MURETUS

415 1131 675 1188 CONSTANTINO
696 1133 763 1188 SUO

557 1239 579 1281 S.
593 1241 620 1280 D.

178 1344 317 1410 Litteras
340 1367 360 1409 a
381 1349 414 1410 te
436 1350 513 1430 post
535 1347 711 1412 discessum
736 1349 813 1412 hinc
839 1351 933 1413 tuum
958 1348 1065 1412 nullas
1137 1373 1139 1378 ’

110 1434 221 1517 accepi
242 1437 371 1517 praeter
393 1455 459 1513 eas,
484 1457 564 1520 quae
587 1436 668 1500 mihi
690 1458 835 1500 mensem
857 1437 924 1500 fere
948 1437 1065 1501 abhinc

109 1544 213 1585 unum
240 1523 383 1586 redditae
415 1526 504 1606 sunt,
535 1547 601 1588 una
632 1546 705 1588 cum
737 1525 867 1589 vasculo
896 1524 1018 1588 conditi
1048 1545 1064 1588 e

111 1610 205 1674 malis
223 1609 373 1691 Persicis,
397 1611 482 1692 quod
505 1610 586 1674 mihi
609 1633 686 1674 sane
707 1611 974 1674 iucundissimum
995 1611 1065 1674 fuit.

110 1697 194 1761 Tam
216 1699 320 1761 multa
341 1697 402 1761 tibi
425 1697 558 1761 adversa
581 1699 724 1763 evenisse
751 1699 885 1762 moleste
912 1699 995 1780 fer03
1018 1699 1065 1761 in·

111 1786 273 1850 columem
299 1789 331 1848 te
359 1806 398 1848 ex
419 1784 484 1848 illis
512 1785 651 1849 evasisse
682 1786 907 1850 immortaliter
933 1787 1066 1870 gaudeo.

112 1872 208 1948 Quod
234 1893 286 1935 me
310 1893 412 1956 amas,
439 1872 520 1937 scito
547 1877 581 1936 te
605 1873 638 1937 id
668 1877 779 1938 mutuo
806 1873 921 1938 facere.
966 1873 1011 1937 Et
1039 1874 1065 1937 si

113 1960 192 2044 quid
216 1959 345 2042 accidit,
371 1959 407 2022 in
434 1980 497 2043 quo
525 1961 679 2024 declarari
708 1961 770 2024 tibi
796 1961 888 2043 velis,
912 1962 1067 2044 quantia

113 2069 167 2112 me
188 2047 261 2124 fias,
283 2068 351 2110 non
372 2047 483 2110 fallam
497 2048 682 2130 opinionem
703 2052 803 2112 tuam.
834 2047 965 2132 Vinum,
982 2049 1067 2132 quod

113 2141 148 2201 te
175 2136 349 2200 missurum
377 2135 503 2218 scribis,
531 2135 559 2198 si
586 2135 660 2218 erit,
692 2157 749 2218 per
776 2157 871 2218 quem
901 2137 1066 2201 commodo

114 2225 240 2308 mittas,
271 2223 317 2287 ita
349 2222 476 2287 demum
505 2223 585 2288 mihi
617 2227 745 2307 gratum
771 2223 915 2286 futurum
948 2227 1009 2306 est,
1040 2224 1067 2287 si

116 2314 205 2377 nullo
228 2317 285 2377 tuo
309 2315 439 2395 sumptu
461 2311 495 2375 id
517 2312 582 2374 fiat.
623 2310 763 2377 Omnino
793 2311 878 2374 enim
904 2314 1067 2394 sumptum

116 2423 136 2463 a
157 2404 190 2463 te
212 2401 338 2464 nullum
360 2421 432 2464 mea
454 2420 567 2465 caussa
589 2399 658 2464 fieri
680 2401 763 2465 volo,
802 2397 887 2464 Satis
911 2420 1067 2483 superque

118 2488 199 2550 mihi
210 2487 354 2550 futurum
368 2491 429 2570 est,
451 2509 523 2552 cum
538 2488 614 2573 quid
631 2488 727 2552 istinc
741 2487 821 2552 mihi
834 2488 939 2551 curari
952 2489 1068 2571 volam,

119 2573 230 2660 (erunt
252 2577 359 2638 autem
371 2575 532 2639 interdum
544 2577 702 2641 nonnulla
720 2598 800 2659 quae
814 2575 932 2660 velim‚)
947 2597 981 2640 se
995 2598 1068 2640 mea

117 2684 230 2728 caussa
242 2659 379 2748 {operam
396 2662 533 2746 dederis,
545 2668 583 2727 ut
598 2666 682 2729 lecta
696 2665 806 2730 omnia
818 2667 851 2727 et
865 2685 937 2728 cum
950 2665 1012 2728 fide
1027 2665 1067 2727 ad

117 2772 168 2815 me
182 2752 377 2815 adferantur.
412 2750 555 2816 Pretium
568 2755 602 2816 et
613 2773 673 2836 pro
696 2774 801 2816 merce
818 2754 852 2815 et
864 2773 923 2834 pro
937 2755 1068 2816 vectura

118 2839 228 2904 statim
255 2838 484 2920 adnumerabo,
517 2840 567 2904 cui
594 2844 631 2902 tu
657 2840 823 2924 scripseris
850 2844 884 2903 et
911 2843 1067 2924 quantum

118 2927 291 3010 scripseris.
330 2926 580 3008 Respondissem
603 2927 697 2990 citius
720 2927 761 2991 ad
782 2927 907 2990 litteras
930 2930 1016 3009 tuas,
1040 2927 1068 2989 si

119 3037 171 3078 eas
186 3015 226 3078 ad
240 3034 291 3076 mo
306 3011 459 3078 Centurio
481 3014 550 3097 ipse
565 3013 735 3077 attulisset.
767 3011 829 3076 Sed
843 3033 946 3095 nuper
960 3014 1068 3077 admo·

118 3103 194 3166 dum
217 3102 257 3166 ad
280 3122 331 3164 me
354 3101 451 3166 venit.
495 3099 568 3184 Ego
592 3104 708 3184 autem,
731 3103 903 3186 antequam
927 3122 999 3164 eum
1022 3101 1068 3165 vi·

119 3191 238 3274 darem,
261 3190 315 3253 cui
334 3188 458 3252 litteras
482 3189 522 3253 ad
545 3191 577 3251 te
599 3191 672 3252 tuto
695 3187 770 3252 dare
787 3210 925 3272 possem,
947 3190 1068 3254 nescie-

119 3279 201 3342 bam.
246 3276 344 3341 Visus
371 3279 421 3340 est
448 3277 528 3341 mihi
555 3276 739 3341 adolescens
766 3277 1012 3342 honestissimus
1036 3281 1069 3342 et

120 3365 235 3450 dignus
261 3370 331 3428 tum
357 3364 526 3429 nobilitate
554 3365 660 3448 gentis
688 3386 776 3448 suae,
803 3368 873 3429 tum
899 3367 957 3428 tua
983 3387 1068 3429 com·

120 3453 330 3516 mandatione.
374 3452 487 3537 Itaque
515 3452 615 3517 detuli
642 3453 671 3516 ei
697 3454 820 3536 prolixe
847 3473 920 3516 mea
946 3453 1068 3535 omnia3

120 3540 314 3625 omninoque
335 3543 414 3624 puto
437 3539 518 3624 fore,
540 3543 577 3604 ut
594 3543 669 3604 ante
688 3541 811 3624 aliquot
832 3561 958 3604 menses
982 3542 1069 3603 extet
