2658 3914
533 241 652 298 CAPUT
672 244 705 299 X.
1032 245 1093 310 131

141 389 270 473 eiusque
308 388 408 453 libros
449 387 693 471 diligentissime
739 390 834 472 atque
876 388 1094 454 assiduissime

140 477 310 558 lectitasse,
338 497 405 540 non
428 475 523 540 modo
547 475 705 539 Martialis
721 472 757 562 ¹),
786 475 840 560 qui
868 476 935 540 eius
959 498 1095 542 coaevus

141 565 210 647 fuit,
238 563 424 628 testimonio
453 563 686 647 cognoscimus,
714 563 769 627 sed
796 564 898 628 multo
928 565 1032 648 magis
1056 587 1096 630 ex

141 673 179 716 eo
201 652 420 736 intelligimus,
443 651 616 734 quodcum
629 651 731 714 multa
746 649 908 715 Ciceronis
922 653 957 716 in
979 657 1095 736 poema

142 761 236 803 suum
257 739 460 803 transtulisse
484 760 582 822 eaque
612 739 749 803 scienter
778 739 950 804 admodum
974 762 1094 806 accom-

142 827 288 891 modasse
304 828 343 890 ad
358 826 422 911 illa,
446 848 526 910 quae
540 831 609 890 turn
623 827 793 910 tractabat,
815 827 968 893 videmus.
997 827 1094 893 Cuius

141 915 187 978 rei
219 915 399 998 exemplum
437 915 489 978 hic
520 936 620 979 unum
656 936 836 998 proponere
872 915 1001 979 libitum
1038 921 1094 982 est.

142 1001 240 1066 Libro
272 1003 371 1086 igitur
403 1003 553 1085 septimo,
585 1023 658 1066 cum
687 1001 722 1077 Q.
749 1001 868 1066 Fabius
900 1004 1095 1068 Annibalem

141 1089 333 1154 ludificando
361 1092 394 1152 et
421 1090 599 1153 cunctando
624 1093 657 1153 et
683 1090 804 1154 bellum
831 1091 989 1156 trahendo
1008 1092 1095 1156 fran-

142 1181 242 1262 geret,
264 1175 467 1260 Romanique
490 1177 609 1241 milites
631 1198 759 1262 pugnae
775 1177 859 1242 avidi
873 1182 906 1242 et
928 1201 1095 1244 conseren-

142 1265 255 1330 darum
293 1288 366 1329 cum
401 1264 550 1329 hostibus
586 1287 741 1329 manuum
777 1266 902 1350 ingenti
939 1268 1095 1333 desiderio

141 1354 276 1434 incensi,
306 1353 446 1438 quidque
475 1375 567 1418 mora
598 1354 806 1438 proficeretur
835 1356 1014 1420 nescientes
1036 1357 1095 1420 im-

142 1446 322 1525 peratorem
346 1463 448 1523 suum,
471 1445 626 1526 tanquam
650 1443 805 1528 ignavum
828 1446 867 1525 et,
890 1447 927 1508 ut
939 1441 1095 1509 Horatius

141 1529 283 1612 loquitur
297 1526 333 1614 ²),
356 1528 554 1612 inaudacem,
577 1552 702 1594 summa
719 1530 889 1594 verborum
907 1531 1096 1596 immodera-

141 1615 230 1679 tione
253 1617 470 1698 increparent,
498 1617 625 1699 iamque
650 1617 777 1680 sublato
806 1617 943 1681 clamore
971 1619 1096 1683 iniussu

142 1703 243 1786 ipsius
278 1724 347 1767 rem
385 1702 559 1785 gerendam
596 1725 665 1768 esse
702 1703 968 1767 vociferarentur:
1006 1707 1096 1789 gravi

143 1789 288 1854 oratione
328 1790 489 1853 furentem
528 1790 656 1854 illorum
696 1791 853 1874 impetum
894 1813 1096 1875 repressurus

142 1877 263 1943 Fabius
290 1879 336 1942 ita
364 1877 535 1960 exorditum
564 1881 601 1942 ut
629 1878 722 1961 dicat,
749 1897 915 1963 nunquam
944 1880 1005 1945 sibi
1032 1881 1096 1947 Ro·

143 1987 256 2030 manos
284 1966 318 2029 in
346 1968 439 2029 tanto
468 1965 649 2029 discrimine
678 1988 837 2030 summam
863 1988 970 2031 rerum
997 1971 1096 2033 tradi·

142 2056 232 2118 turos
254 2053 362 2137 fuisse,
391 2052 417 2116 si
441 2073 474 2116 se
502 2053 621 2116 talibus
649 2054 843 2119 clamoribus
866 2056 1032 2120 turbatum
1055 2058 1096 2120 iri

142 2141 352 2206 credidissent
365 2136 406 2225 ³):

184 2255 321 2321 Fervida
343 2259 373 2323 a·
394 2262 481 2327 nobis
503 2264 596 2328 corda
617 2263 839 2345 abruptampae
855 2269 1021 2345 putassent

185 2343 351 2426 Inpendam
366 2355 481 2430 patres,
505 2356 534 2414 et
553 2353 583 2416 si
605 2352 796 2429 camaracus,
819 2353 928 2434 inquit,

188 2431 323 2497 Tartari
342 2436 467 2516 facilem
488 2444 635 2504 meatem:
657 2460 720 2504 non
737 2441 975 2504 alamannam

185 2519 231 2583 Et
252 2521 401 2602 deplorati
422 2525 620 2592 mandassent
640 2527 758 2593 Mortis
779 2527 921 2594 habenas.

141 2637 251 2706 Cicero
285 2665 410 2730 quoque
440 2648 475 2712 in
507 2670 545 2713 ea
578 2651 734 2734 oratione,
770 2673 834 2735 qua
865 2649 899 2715 0.
926 2651 1096 2717 Rabirium

139 2730 368 2811 perduellionis
395 2757 486 2800 reum
517 2739 659 2819 protexit
687 2742 719 2802 et
747 2739 872 2822 eripuit,
901 2760 973 2803 cum
1005 2741 1095 2823 quid-

140 2816 214 2880 dam
246 2821 342 2901 paulo
373 2825 584 2889 confidentius
617 2826 764 2908 dixisset,
801 2827 983 2910 clamorque
1021 2849 1094 2892 con-

140 2905 273 2969 cionalis
301 2912 428 2974 secutus
457 2916 553 2975 esset:
589 2913 679 2976 Na'bil
707 2933 763 2990 ane,
790 2913 897 2995 inquit
909 2911 947 2997 ⁴),
979 2914 1095 2978 elamor

139 2992 389 3073 alemanna,
411 2999 465 3061 sed
476 2999 657 3077 consolatur,
680 3019 749 3064 cam
767 3000 898 3076 indicat,
922 3020 983 3064 esse
1005 3022 1094 3082 pacs-

139 3079 211 3142 dam
234 3081 311 3146 cives
333 3083 497 3165 imperitos,
519 3087 646 3151 sednon
659 3087 778 3152 maltos.
812 3086 992 3168 Nunquam,
1016 3089 1095 3154 nata·

139 3169 254 3246 credita
272 3171 407 3252 populas
428 3171 591 3240 Romanas
612 3173 670 3254 hie,
691 3175 741 3240 bic
762 3177 817 3259 qai
839 3174 916 3254 siat,
938 3178 1091 3243 censalem

212 3340 231 3410 ¹)
249 3342 345 3414 Epigr.
365 3343 424 3399 Vll.
445 3351 487 3400 63.
502 3347 548 3403 ΧΙ.
571 3353 613 3402 48.

210 3411 471 3539 iddim'viil'aib
490 3421 516 3472 δ’

209 3485 230 3622 d
249 3569 271 3606 e.
291 3526 317 3608 a'
335 3558 351 3618 s
371 3527 411 3609 1's.
470 3526 476 3538 ’
