2656 3910
238 171 280 234 62
569 167 749 222 EPISTOLA
765 166 862 220 XLIX.

305 314 354 378 Ta
375 314 456 378 ieter
477 331 529 376 eae
550 312 654 376 restim
676 311 805 376 dractona
826 309 962 376 sottobb.
985 309 1028 374 M.
1050 309 1166 377 Probe.

304 403 351 467 Et
371 406 405 466 ta
426 401 582 466 nobiscum
603 419 678 493 aaa,
699 400 729 462 si
751 418 826 480 opus
847 399 896 462 eit

238 542 283 607 Et
304 541 384 605 illud
406 539 525 606 Catulli
548 562 587 604 ex
609 541 840 625 epigrammate
863 540 897 602 in
920 538 1115 626 Vettium:¹)

305 664 375 730 Isto
396 684 465 730 aon
488 664 604 746 linquo,
626 665 655 729 si
676 683 751 728 uros
772 663 876 728 veniat
897 663 962 742 aaa
978 665 1090 744 poscis.

240 804 302 870 Sed
333 805 409 870 nolo
437 805 573 868 alterum
601 824 729 869 versum
763 803 955 887 adscribere,
982 826 1087 890 neque
1114 811 1206 890 puto
1297 831 1298 886 j

240 915 308 958 esse
342 915 431 977 opus,
476 891 628 967 Quamvis
659 892 758 977 igitur
794 892 962 976 sperabam
999 895 1204 960 sententiam
1297 947 1298 958 ,

158 991 162 998 ’
238 1003 343 1046 meam
374 982 421 1046 ita
446 980 508 1046 tibi
538 982 710 1065 probatam
737 1001 819 1064 esse,
851 983 888 1044 ut
913 979 997 1044 nihil
1027 985 1204 1064 praeterea

239 1070 439 1155 argumentis
463 1091 544 1152 opus
571 1070 670 1134 foret:
697 1072 809 1134 tamen
830 1089 872 1132 ne
894 1068 978 1132 hano
1001 1069 1132 1154 quidem
1157 1071 1203 1136 ad
1297 1073 1298 1156 ξ

238 1162 272 1222 te
300 1156 461 1222 scribendi
494 1156 693 1221 occasionem
723 1156 1043 1242 praetermittendam
1073 1158 1202 1241 putavi.

239 1243 335 1329 Vale,
367 1247 400 1308 et
431 1241 616 1307 Gisbertum
647 1245 727 1310 mihi
759 1245 863 1308 saluta
894 1247 927 1308 et
954 1245 982 1308 si
1009 1267 1090 1330 quos
1121 1247 1201 1310 istic

239 1335 405 1416 praeterea
427 1331 514 1396 nosti
528 1335 674 1396 amantes
697 1332 767 1396 mei.
795 1332 926 1398 Romae.
948 1332 1087 1397 Postrid.
1109 1331 1200 1399 Non.
1297 1367 1298 1376 ¹

241 1420 335 1484 Mart.
357 1437 499 1485 nnnxxr.

659 1683 773 1749 XLIX.

430 1810 479 1882 Μ.
506 1809 748 1882 ANTONIUS
775 1807 1009 1882 MURETUS.

418 1941 579 1999 HERCULI
596 1942 755 2000 OIOFANO
780 1943 1014 2000 SULMONENSI

667 2051 688 2093 s,
702 2053 725 2092 Ρ.
739 2052 767 2093 Ι).

309 2156 430 2243 Accepi
451 2144 604 2226 volumen
626 2159 823 2224 orationum:
846 2158 885 2222 de
908 2179 972 2242 quo
996 2179 1068 2223 amo
1090 2160 1137 2237 te,
1160 2162 1197 2221 ut
1297 2143 1298 2150 ἵ

245 2246 357 2331 debeo,
381 2249 568 2331 plurimum3
599 2268 636 2313 eo
659 2247 755 2311 simul
779 2250 874 2330 atque
896 2267 975 2310 usus
998 2267 1066 2330 ero,
1088 2246 1196 2309 remit-

244 2338 321 2399 tam.
356 2334 487 2399 Demere
502 2339 626 2416 partem
647 2335 684 2399 dc
704 2334 800 2399 solido
822 2335 871 2398 die
892 2335 979 2418 apud
992 2331 1195 2418 Horatium2)

246 2423 315 2486 sine
336 2423 404 2485 ulla
417 2421 617 2487 dubitatione
632 2424 682 2488 est
693 2423 863 2500 meridiari,
886 2421 919 2485 id
939 2426 997 2506 eet,
1018 2423 1089 2505 ipso
1103 2422 1195 2486 meri·

246 2510 297 2573 die
323 2509 437 2574 horam
464 2531 562 2575 unam
594 2514 650 2575 aut
677 2511 811 2575 alteram
838 2509 991 2574 dormire:
1024 2509 1110 2595 quod
1141 2510 1195 2592 qui

245 2597 382 2681 faciunt,
406 2597 489 2662 diem
517 2599 657 2683 quodam
684 2598 780 2663 modo
806 2597 964 2682 frangunt
990 2620 1027 2663 ao
1050 2598 1196 2662 dividunt

246 2706 349 2770 neque
381 2707 454 2750 eum
485 2708 585 2751 unum
618 2708 656 2751 ac
687 2685 825 2750 solidum
857 2690 890 2749 et
917 2680 1101 2770 ὁλόκληρον
1128 2706 1194 2749 esse

245 2773 421 2857 patiuntur.
465 2773 579 2859 Itaque
606 2774 648 2858 ie,
676 2774 730 2858 qui
759 2774 859 2838 demit
885 2777 1010 2857 partem
1033 2773 1071 2837 de
1095 2773 1194 2838 solido
1297 2779 1298 2784 ’

247 2862 307 2946 die,
329 2862 445 2927 dicitur
466 2863 500 2928 id
512 2863 618 2927 faeere
640 2881 723 2928 abac
744 2861 839 2926 viridi
856 2862 992 2927 membro
1012 2862 1068 2928 sad
1090 2861 1194 2926 arceto

245 2956 373 3030 stratae,
400 2972 483 3018 amec
508 2953 552 3018 ad
576 2971 675 3034 oquae
703 2951 768 3016 leae
793 2954 886 3032 capot
912 2969 1025 3015 sacrae.
1069 2949 1114 3014 Et
1134 2949 1194 3013 hoo

246 3041 352 3123 ipsum
365 3039 471 3105 Varro
495 3040 612 3104 alicubi
618 3037 643 3124 3)
657 3041 751 3104 vocat
773 3039 852 3103 diem
865 3039 1005 3103 diadee.
1037 3037 1086 3101 De
1100 3036 1193 3102 verbo

246 3128 424 3205 dedocendi,
452 3149 507 3191 cur
530 3148 567 3191 eo
590 3128 656 3192 vim
682 3128 782 3190 ullam
805 3126 980 3211 significari
1001 3128 1109 3208 putes,
1131 3145 1195 3189 non

248 3236 325 3279 sane
347 3215 449 3279 video.
492 3212 662 3298 Cleopatra
684 3213 813 3297 quidem
834 3234 939 3298 neque
961 3215 1073 3278 volens
1095 3233 1194 3296 neque

247 3303 350 3367 invita
371 3302 407 3365 in
429 3301 593 3385 triumpho
621 3301 717 3366 ducta
744 3305 801 3365 eet.
849 3301 897 3365 At
923 3321 990 3366 non
1018 3303 1194 3366 esttamen

321 3493 340 3563 ¹)
359 3498 402 3562 98,
420 3497 445 3547 ³.
491 3491 514 3562 ²)
534 3491 624 3547 Carm.
643 3493 664 3547 I.
685 3499 709 3560 1,
723 3497 766 3547 20.
804 3491 825 3561 ¹)
844 3491 878 3547 de
896 3507 926 3546 re
940 3495 1008 3547 rust.
1024 3493 1071 3546 III.
1086 3498 1110 3546 2.
1126 3497 1141 3557 ξ
1155 3497 1194 3546 15.
