2656 3910
210 239 253 302 20
549 237 728 294 EPISTOLA
746 237 820 292 xvi.

211 382 447 446 accuratissimo
471 401 508 446 ao
530 380 743 445 minutissime
766 381 1050 465 persequebantur.
1081 378 1168 446 (lon-

211 491 312 554 serva,
335 471 510 554 quaesote,
531 469 628 532 istam
642 468 920 551 consuetudinem
944 468 1000 533 sed
1022 469 1091 534 noli
1114 491 1167 532 ex-

211 561 369 642 spectare,
392 561 429 621 ut
451 559 557 622 tecum
578 556 670 639 paria
691 556 818 620 faciam,
863 556 937 621 Tibi
961 556 1060 639 enim,
1083 579 1166 641 quae

211 647 341 728 scribas,
364 645 503 728 plurima
517 644 658 729 quotidie
674 647 863 728 suppetunt3
887 644 967 709 mihi
981 644 1067 728 quod
1089 645 1152 709 scri

211 733 287 799 bam
309 733 375 797 fere
398 733 479 798 nihil
503 736 552 798 est
574 731 638 797 nisi
655 733 718 797 hoc
740 733 859 816 ipsum,
882 732 964 797 nihil
987 753 1056 796 esso
1080 731 1168 817 quod

85 859 88 870 .
212 821 358 886 scribam.
385 820 459 905 Ego
482 824 514 884 11
536 819 650 886 Petrus
664 819 876 886 Normesinus
898 823 930 884 11
954 820 1168 884 communiter

211 910 389 974 salutamus
413 913 508 993 atque
532 931 551 973 a
572 910 606 972 te
627 909 780 993 potimus,
802 910 840 972 ut
861 910 974 974 nostro
998 909 1168 972 ambomm

212 998 342 1063 nomine
375 996 595 1063 Contarellum
628 997 757 1061 salutes.
801 994 892 1061 Vale.
923 995 1168 1061 EKarolilooo.

159 1115 162 1118 ·
211 1085 252 1152 A.
275 1086 304 1151 d.
327 1105 384 1152 vn.
407 1085 478 1152 Kal.
501 1085 569 1150 Ian.
592 1101 725 1152 nnnxn.

609 1243 766 1254 —a—-

646 1397 735 1465 XVI.

401 1526 450 1602 Μ.
477 1525 719 1599 ANTONIUS
746 1524 970 1599 nunnius

385 1703 389 1714 .
490 1660 611 1717 PAULO
636 1659 801 1716 ascanio
820 1659 888 1716 SUO

659 1768 681 1810 s.
694 1769 722 1808 D.

280 1877 394 1963 Neque
420 1881 454 1943 te
483 1899 548 1941 uno
581 1876 749 1940 amabilius
782 1877 955 1960 quicquam
989 1879 1045 1940 aut
1067 1874 1167 1939 officii

214 1965 349 2050 plenius,
371 1986 475 2050 neque
497 1964 613 2029 litteris
637 1964 701 2029 tuis
723 1964 869 2028 festivius
887 1964 1039 2049 omnique
1063 1965 1166 2028 suari-

214 2057 281 2119 tate
304 2054 464 2120 conditius
486 2052 555 2117 fieri
577 2055 693 2136 potest.
722 2050 810 2128 Quae
833 2053 861 2116 si
884 2074 980 2136 quam
1002 2051 1107 2135 lepide
1130 2073 1168 2115 ac

214 2144 313 2228 polite
340 2145 529 2229 loquuntur,
555 2144 623 2206 tam
646 2141 744 2206 etiam
765 2161 842 2206 vera
865 2141 904 2205 de
926 2161 977 2204 me
1004 2138 1167 2223 praedica-

214 2236 296 2318 rent,
318 2252 438 2318 magna
452 2252 565 2296 caussa
588 2232 680 2311 esset,
704 2249 759 2292 cur
773 2231 806 2292 et
819 2249 880 2313 ego
899 2228 979 2292 mihi
996 2227 1168 2313 gauderem

214 2325 248 2385 et
270 2324 306 2386 tu
329 2323 389 2387 tibi
412 2321 451 2384 de
474 2317 614 2382 amicitia
636 2319 749 2380 nostra
771 2315 986 2399 gratularens.
1012 2314 1108 2380 Nunc
1131 2337 1168 2380 ea

215 2431 266 2472 res
290 2430 341 2472 ma
364 2408 448 2470 male
469 2405 577 2486 habet,
591 2403 686 2487 quod,
708 2424 781 2466 oum
799 2403 833 2468 in
847 2425 964 2487 meum,
985 2407 1023 2468 ut
1045 2403 1168 2487 dicitur,

217 2496 323 2560 sinum
345 2493 480 2576 inspicio
503 2511 617 2575 meque
640 2511 677 2555 ac
699 2512 771 2555 mea
794 2491 903 2557 omnia
925 2491 1095 2576 diligenter
1117 2513 1169 2555 ex·

216 2582 316 2664 cutio,
343 2580 425 2644 nihil
451 2579 685 2663 propemodum
706 2580 770 2642 tale
793 2580 931 2663 reperio,
960 2580 1067 2664 qualia
1089 2579 1169 2644 mihi

216 2675 254 2734 tu
276 2667 524 2733 innumerabilia
537 2666 680 2751 affingis:
703 2671 740 2731 ut
754 2667 834 2731 mihi
855 2669 920 2732 tale
935 2667 1086 2752 quiddam
1108 2689 1169 2732 usu

218 2757 340 2840 veniat,
364 2757 457 2840 quale
479 2754 702 2839 histrionibus,
729 2756 784 2838 qui
808 2755 883 2819 dum
905 2756 941 2819 in
964 2777 1060 2820 scena
1082 2755 1169 2840 Aga·

218 2866 422 2910 memnonem
450 2846 551 2929 agunt
578 2846 635 2907 aut
657 2843 806 2927 Atreum,
829 2844 1015 2928 concipiunt
1039 2844 1170 2927 spiritus

219 2935 375 3020 quosdam
397 2933 519 3020 regi0s3
542 2935 625 3017 post,
647 2931 796 2997 absoluta
812 2929 933 3015 fabula,
955 2931 1032 2996 dum
1055 2931 1096 2996 ad
1119 2954 1172 2996 ve-

218 3025 331 3088 stitum
354 3047 447 3090 suum
470 3025 504 3088 et
526 3021 567 3087 ad
582 3043 615 3086 se
637 3021 725 3105 ipsos
748 3019 893 3104 redeunt,
915 3022 1094 3104 agnoscant
1116 3041 1171 3084 111-

219 3133 306 3175 cesse
330 3115 387 3196 est,
410 3111 485 3175 ficta
506 3110 606 3175 fuisse
629 3110 685 3175 illa
708 3109 817 3174 omnia
830 3110 863 3172 et
886 3108 1008 3172 alienae
1032 3108 1172 3172 oblecta-

217 3199 318 3263 tionis
350 3219 463 3262 caussa
490 3196 530 3260 ad
561 3198 656 3261 breve
687 3201 814 3280 tempus
842 3198 1002 3278 susceptu,
1034 3217 1068 3260 se
1095 3217 1173 3262 vero

219 3286 366 3350 homines
393 3288 506 3348 tenues
529 3287 561 3347 et
583 3306 651 3348 non
674 3283 846 3347 admodum
868 3284 979 3368 magni
1005 3283 1099 3366 pretii
1123 3305 1171 3348 ar·

219 3375 321 3438 tifices
350 3393 428 3438 esse.
474 3369 526 3436 Sic
553 3392 613 3456 ego
642 3393 737 3454 quam
765 3370 820 3435 diu
842 3374 914 3435 tuas
946 3371 1071 3436 litteras
1097 3372 1173 3458 lego

220 3464 254 3525 et
277 3483 296 3524 a
317 3465 350 3525 te
372 3465 529 3543 tanquam
552 3481 571 3523 a
590 3459 731 3544 chorago
756 3459 863 3543 aliquo
886 3459 1070 3541 impositam
1093 3459 1173 3524 mihi

222 3571 392 3633 personam
407 3548 559 3632 sustineo,
580 3548 691 3631 placeo
714 3547 803 3631 mihi,
826 3543 967 3632 (fatebor
982 3547 1068 3611 enim
1087 3549 1172 3630 quod
