2658 3914
232 209 294 272 146
603 207 686 262 VAR.
704 205 808 262 Lucu.

230 357 344 417 cantus
366 352 456 416 tenui
471 354 600 436 gutture
614 350 813 415 funditantes
831 350 963 414 intimos
982 350 1183 414 audientium

231 462 342 506 sensus
369 440 548 504 incredibili
574 439 738 522 voluptate
770 439 998 521 permulceant.
1047 438 1185 504 Pratum

229 529 335 612 ipsum
358 527 552 611 perennibus
575 527 685 590 rivulis
708 526 795 589 varie
818 527 1017 609 intersecari,
1045 547 1184 609 quorum

231 617 349 700 aquula
370 615 563 679 nitidissima
591 615 631 678 ad
659 614 865 678 versicolores
892 615 1019 697 lapillos
1041 615 1185 679 molliter

230 704 331 767 fracta
354 705 387 766 et
410 702 502 766 allisa
525 724 690 766 susurrum
712 701 830 766 efficiat
857 702 1085 766 dulcissimum.
1130 702 1184 766 Ita

232 813 295 876 qua
316 791 522 856 flosculorum
546 790 723 854 ambrosios
738 790 851 854 odores
870 789 1089 854 exhalantium
1111 812 1183 853 sua·

230 879 339 964 vitate,
363 900 426 963 qua
440 877 659 962 Zephyrorum
676 877 888 942 viridantibus
912 878 1062 941 arborum
1084 879 1184 942 ramis

230 967 433 1031 illudentium
462 967 571 1049 sibilo,
598 988 662 1049 qua
683 966 849 1029 volucrum
873 965 1093 1048 concentibus,
1119 987 1185 1050 qua

231 1055 350 1119 blando
381 1055 649 1118 murmurantium
687 1053 862 1117 rivulorum
899 1052 1034 1136 strepitu
1070 1054 1183 1118 beatas

231 1144 304 1207 illas
336 1145 459 1206 mentes
492 1143 693 1206 continenter
724 1140 863 1205 hilarari.
917 1139 1005 1224 Ergo
1033 1141 1114 1205 alios
1142 1141 1185 1204 ad

234 1228 354 1313 Orphei
385 1228 619 1312 Amphionisvc
655 1230 757 1312 lyram
793 1228 925 1292 choreas
958 1248 1065 1312 agere,
1102 1229 1183 1292 alios

232 1319 379 1401 psallere,
404 1317 484 1380 ahos
508 1317 642 1380 corollas
664 1318 780 1399 texere,
803 1316 883 1380 alios
905 1316 940 1379 in
961 1316 1062 1381 herba
1083 1317 1183 1395 fusos,

234 1427 297 1490 qua
319 1405 414 1468 tellus
441 1403 587 1468 tremulis
614 1404 776 1467 laurorum
804 1424 841 1467 ac
867 1406 1045 1488 myrtorum
1069 1426 1183 1487 opaca-

232 1496 286 1556 tur
308 1491 516 1574 umbraculiS,
543 1491 789 1556 iucundissimos
817 1513 979 1556 sermones
1002 1513 1183 1556 conserere:

232 1581 367 1645 humum
393 1581 498 1664 ipsam
530 1600 628 1663 opum
660 1601 790 1643 suarum
820 1579 990 1664 prodigam
1021 1581 1089 1644 sine
1116 1581 1183 1644 ullo

233 1671 321 1733 cultu
343 1670 393 1731 ter
416 1670 576 1753 quotquot
602 1668 696 1732 annis
722 1668 869 1732 ubertate
898 1690 1023 1731 summa
1052 1668 1183 1732 alimen-

233 1761 341 1821 torum
363 1757 489 1839 copiam
503 1756 548 1820 eis
572 1776 742 1840 suggerere
756 1777 793 1819 ac
808 1755 1058 1820 subministrare.
1094 1755 1184 1820 Haec
1314 1779 1315 1786 ¹

159 1898 160 1902 ,
234 1845 359 1929 aliaque
383 1844 500 1908 similia
514 1843 552 1907 de
574 1843 688 1907 insulis
710 1843 774 1906 illis
797 1846 920 1926 podtae,
942 1847 979 1907 ut
997 1843 1070 1927 dixi,
1092 1843 1183 1907 fabu-

234 1933 352 1995 lantur.
397 1929 460 1996 Sed
483 1931 521 1994 de
545 1952 654 1994 aarum
677 1931 741 1994 situ
763 1952 830 1995 non
855 1931 940 1995 idem
968 1932 1008 1995 ab
1034 1932 1183 1996 omnibus

234 2019 380 2084 traditur.
438 2017 523 2082 Nam
565 2040 638 2083 cum
676 2019 820 2103 plerique
860 2041 971 2084 omnes
1007 2017 1185 2084 Homerum

236 2105 368 2192 secuti¹)
402 2129 455 2171 eas
492 2107 526 2170 in
552 2105 730 2190 Hispaniae
761 2107 880 2170 finibus
914 2108 1085 2171 collocent:
1116 2128 1185 2171 non

173 2253 176 2258 .
236 2196 352 2260 desunt
378 2199 501 2278 tamen,
528 2195 582 2278 qui
614 2193 724 2258 Indiae
746 2195 868 2258 vicinas
898 2215 967 2258 esse
996 2195 1118 2276 dicant3
1148 2193 1183 2258 in
1314 2235 1315 2272 t

235 2283 347 2367 primis
370 2287 478 2347 autem
500 2283 580 2346 mihi
601 2281 706 2346 visum
733 2284 783 2345 est
810 2281 996 2346 admirabile
1020 2285 1052 2346 et
1074 2283 1183 2346 absur·
1314 2355 1315 2366 χ

237 2373 326 2453 dum,
355 2371 440 2454 quod
464 2370 548 2452 apud
571 2367 727 2432 Graecum
751 2369 910 2453 quendam
933 2368 1184 2434 Grammaticum

236 2459 349 2541 reperi,
372 2478 426 2520 eas
449 2456 483 2520 in
497 2456 668 2520 Britannia
691 2477 767 2521 esse.
790 2457 902 2521 Talem
924 2458 1010 2522 enim
1025 2458 1185 2542 quandam

236 2545 379 2610 fabulam
405 2546 530 2607 narrat:
560 2564 629 2607 esse
657 2544 693 2607 in
721 2544 830 2609 littore
860 2546 927 2610 eius
956 2546 1067 2630 maris,
1100 2546 1184 2630 quod

236 2633 375 2696 insulam
395 2631 599 2695 Britanniam
622 2632 730 2715 afluat,
751 2632 899 2697 homines
913 2634 1069 2718 quosdam
1091 2633 1184 2717 pisci·

237 2722 296 2784 bus
320 2719 481 2803 capiendis
508 2719 706 2784 victitantes:
734 2720 789 2804 qui
815 2719 949 2785 Francis
976 2721 1103 2804 quidem
1129 2743 1184 2804 pa-

237 2811 342 2891 reant,
364 2829 468 2893 neque
481 2810 592 2871 tamen
614 2808 680 2872 sint
693 2808 873 2893 vectigales.
908 2808 1183 2892 Iinonnunquam

237 2897 272 2960 in
304 2896 435 2961 aedibus
468 2895 533 2960 suis
566 2897 760 2961 dormientes
797 2896 932 2961 audiunt
966 2917 1090 2980 vocem,
1122 2919 1184 2981 qua

237 2986 465 3068 inclamantur,
488 2985 693 3068 sentiuntque
715 2985 915 3068 proforibus
946 2986 1057 3050 adesse
1079 2985 1184 3048 multi-

237 3074 382 3138 tudinem
405 3073 566 3156 quandam
587 3072 755 3136 hominum
783 3095 908 3137 summa
930 3093 1002 3136 cum
1023 3072 1184 3136 hilaritate

237 3161 472 3243 plaudentium3
496 3159 709 3245 expergefacti
732 3163 839 3224 autem
862 3164 895 3224 et
908 3161 1002 3225 domo
1026 3163 1184 3243 exeuntes,

237 3247 398 3311 neminem
413 3248 540 3332 quidem
563 3248 802 3330 conspicantur:
824 3268 922 3312 naves
944 3251 1072 3311 tantum
1093 3269 1184 3333 quas·

232 3336 312 3399 dam
343 3335 519 3419 reperiunt,
550 3356 617 3399 non
649 3357 736 3418 suas,
766 3356 845 3418 quas
877 3356 916 3398 ex
946 3335 1018 3419 ipso
1050 3335 1183 3419 strepitu

311 3526 330 3596 ¹)
349 3525 399 3581 oc.
418 3525 457 3578 iv
484 3531 543 3580 aaa.
