2656 3910
471 225 649 284 EPISTOLA
666 226 752 282 XXX.
1045 228 1090 292 45

129 368 345 456 saepissima)
369 373 457 436 totus
480 370 600 455 pudore
629 370 803 436 suffimdar.
840 368 903 435 Sed
924 363 1018 436 tanta
1039 372 1090 436 his

134 458 334 541 temporibus
361 459 397 522 in
418 458 496 523 urbe
520 463 569 523 est
596 452 719 541 ἀπορία
747 458 981 542 conditionum,
1009 481 1090 544 quae

136 546 266 630 quidam
288 568 327 610 ex
340 567 401 610 usu
423 549 480 610 tuo
495 568 563 611 esse
586 547 721 630 possint,
743 549 781 611 ut
802 569 969 632 nunquam
991 547 1091 611 fuisse

133 635 291 698 maiorem
313 637 433 717 putem.
474 633 577 699 Video
600 634 654 698 hie
677 634 820 718 quotidie
843 634 992 700 homines
1015 634 1090 700 ado·

135 721 293 786 lescentes
325 722 448 805 optimo
483 722 628 806 ingenio,
665 722 903 786 amabilissimis
939 722 1092 805 moribus,

134 809 289 874 mediocri
311 810 477 895 utriusque
492 830 602 874 earum
624 810 818 895 linguarum,
840 832 922 895 quae
938 810 974 874 in
986 811 1090 893 pretio

136 900 222 979 sunt,
244 897 472 982 intelligentia,
496 897 560 981 qui,
583 899 672 962 euius
696 898 783 964 domi
806 899 930 981 vivant,
951 898 1092 980 reperire

136 985 299 1048 neminem
325 989 470 1068 possunt.
514 983 592 1050 Non
619 985 788 1050 defetiscar
813 989 926 1048 tamen
947 986 1092 1068 experiri,

137 1072 227 1153 eniti,
240 1072 396 1155 laborare,
413 1066 521 1135 πάντα
535 1074 647 1153 λίθον,
661 1076 698 1137 ut
712 1071 828 1137 Graeci
842 1072 961 1154 dicunt,
974 1081 1092 1153 κινεῖν,

132 1159 241 1223 donee
268 1159 409 1244 aliquam
436 1159 595 1226 rationem
621 1181 783 1244 reperero,
810 1181 875 1245 qua
901 1160 995 1225 nobis
1027 1182 1092 1224 una

137 1247 244 1311 vivere
266 1247 370 1311 liceat.
415 1247 558 1312 Remitto
582 1247 876 1332 admonitiones,
903 1269 984 1334 quae
1012 1249 1093 1312 milri

137 1356 206 1399 nou
228 1356 347 1421 magno
371 1336 443 1400 usui
465 1335 604 1401 fuerunt.
632 1335 729 1401 Liber
751 1341 917 1423 estusque
941 1337 1092 1420 antiquus

138 1443 242 1507 neque
271 1423 448 1507 descriptus
477 1445 515 1488 ex
541 1425 607 1488 ullo
635 1425 728 1489 valde
756 1427 904 1510 antiquo,
932 1429 965 1488 et
991 1425 1092 1508 negli-

138 1512 326 1594 gentissime
349 1513 494 1595 scriptus.
538 1511 612 1596 Ago
636 1517 746 1577 tamen
769 1515 864 1578 deso
886 1513 947 1577 tibi
971 1514 1092 1596 gratias

137 1620 217 1662 saue
239 1600 405 1663 maximas.
448 1598 662 1682 Priscianum‚
685 1601 741 1683 qui
762 1601 843 1664 mihi
864 1600 1093 1664 incredibiliter

137 1690 251 1771 gratus
273 1686 344 1769 fuit,
367 1707 460 1768 spero
483 1689 540 1749 aut
561 1687 670 1768 potius
688 1685 780 1751 videb
802 1688 905 1752 multo
927 1687 1093 1752 meliorem

140 1775 218 1838 fore.
246 1772 280 1838 Si
302 1774 401 1838 frater
415 1772 580 1838 Vincentii
594 1772 745 1856 Stampae
768 1795 822 1838 eos
846 1774 887 1838 ad
909 1794 961 1838 ms
983 1774 1092 1856 libros,

138 1862 179 1924 de
207 1861 323 1944 quibus
350 1861 476 1944 scribis,
502 1861 630 1925 mittere
656 1862 806 1944 voluerit,
834 1861 1016 1947 obstringet
1041 1883 1093 1926 me

141 1947 203 2011 sibi
216 1948 371 2010 memoria
387 1947 533 2011 beneficii
547 1949 754 2031 sempiterna.
781 1949 831 2014 De
846 1948 959 2034 Gellio,
978 1949 1092 2014 amabo

141 2038 188 2116 te,
211 2033 252 2097 da
279 2054 423 2117 operam,
450 2037 487 2097 ut
508 2039 619 2098 noster
646 2037 696 2098 sit.
742 2034 912 2101 Sumtuum
939 2037 1092 2122 quidquid

140 2121 263 2184 factum
286 2121 360 2204 erit,
387 2121 497 2185 statim
523 2121 584 2185 tibi
608 2122 778 2206 diligenter
800 2127 833 2187 et
855 2145 928 2188 eum
956 2124 1018 2188 fide
1041 2145 1093 2188 eu-

140 2208 273 2273 rabitur.
318 2205 454 2273 Sardum
484 2212 577 2273 tuum
604 2213 660 2273 aut
690 2211 798 2293 potius
830 2231 936 2274 meum
967 2232 1094 2296 quoque

141 2297 297 2362 salutabis
319 2319 391 2362 meo
414 2298 545 2362 nomine
568 2297 747 2382 diligenter.
784 2298 900 2381 Velim,
924 2298 1000 2363 dum
1021 2299 1094 2362 istie

139 2407 189 2468 es,
222 2387 250 2450 si
277 2407 341 2470 qua
363 2385 488 2450 ratione
515 2387 621 2469 potes,
645 2384 760 2450 Graeci
792 2387 947 2453 sermonis
979 2387 1095 2452 saltem

141 2475 247 2558 prims
273 2475 432 2538 elementa
458 2473 628 2556 perdisces.
673 2473 725 2538 Ex
752 2475 862 2540 labore
885 2497 952 2540 non
974 2496 1094 2561 magno

141 2581 279 2648 magnos
292 2561 424 2645 fruetus,
443 2562 470 2624 si
483 2561 605 2645 federis,
624 2563 738 2645 capies.
765 2562 812 2628 Mi
826 2561 959 2628 Oiolane
974 2565 1094 2649 optime

139 2655 175 2714 et
205 2650 405 2733 suavissime,
437 2650 534 2712 etiam
566 2653 662 2735 atque
693 2651 791 2714 etiam
821 2652 901 2716 vale.
927 2670 996 2716 xiv.
1023 2652 1094 2716 Kal.

141 2738 243 2822 April.
266 2755 409 2802 mmm.
440 2736 492 2800 Ex
513 2737 600 2802 urbe.
633 2736 752 2802 Sardus
775 2740 888 2824 ecquid
914 2739 1095 2805 litterarum

140 2848 162 2890 a
184 2848 235 2890 me
258 2826 425 2910 acceperit,
448 2826 528 2892 seire
551 2827 654 2908 cupio.

538 2949 695 2958 *nn—.—

568 3015 668 3080 XXX.

332 3143 380 3215 M.
407 3140 649 3215 ANTONIUS
675 3140 900 3220 MURETUS

455 3259 562 3314 IUSTO
581 3259 697 3314 LIPSIO
716 3259 785 3314 SUO

588 3348 609 3390 S.
623 3349 651 3390 D.

208 3439 301 3506 Nihil
323 3444 372 3503 est
394 3442 451 3503 aut
471 3443 504 3502 te
527 3437 696 3503 amabilius
723 3443 781 3505 sut
801 3441 917 3506 litteris
939 3441 1004 3506 tuis
1028 3441 1095 3506 dul-

140 3528 225 3593 cius:
254 3527 294 3591 ed
322 3549 401 3611 quas
429 3547 489 3612 ego
521 3527 637 3591 nudius
664 3529 778 3592 tertius
806 3532 954 3613 acceptas
985 3531 1095 3594 statim
