2658 3914
250 259 316 321 210
623 257 704 313 VAR.
723 257 825 314 Lucu.

250 422 326 466 mom
347 400 487 480 domum;
511 401 567 466 sed
589 423 662 465 eum
677 405 816 485 excusat,
839 402 924 486 quod
938 402 1081 468 insuavis
1099 403 1210 467 futura

251 493 321 554 erat
343 490 460 573 oratio,
484 489 512 553 si
534 489 668 554 dixisset
689 495 951 567 ornamentorum,
973 493 1107 573 propter
1129 491 1209 554 duas

251 578 419 662 contiguas
442 597 535 641 voces
551 577 662 641 eodem
676 577 771 641 modo
786 578 976 641 desinentes
1021 577 1094 662 Ego
1109 579 1209 642 aliam

251 686 398 729 caussam
431 664 554 747 adfero,
591 665 690 749 quod,
727 665 754 728 si
786 665 919 729 dixisset
949 671 1208 744 ornamentorum,

251 752 352 816 videri
365 754 494 835 poterat
507 751 626 835 dicere,
648 753 752 816 tribus
767 753 937 837 generibus
953 774 1060 816 rerum
1077 755 1210 837 plenam

252 861 321 904 erse
343 838 454 903 Verris
482 840 627 923 domum,
657 841 868 925 ornamentis,
895 839 980 904 fanis
1009 843 1042 904 et
1073 841 1209 924 oppidis.

251 927 337 992 Nam
360 928 388 991 si
415 928 497 991 nihil
524 928 611 992 aliud
637 928 789 992 obstabat
811 926 969 1012 Ciceroni,
997 950 1094 1012 quam
1123 929 1210 1012 quod

252 1016 298 1080 ait
325 1014 504 1099 Victorius,
530 1037 571 1079 ne
598 1016 688 1079 illam
715 1015 979 1080 consuetudinem
1010 1037 1102 1080 suam
1133 1017 1210 1080 reti·

252 1108 356 1187 neret,
378 1107 506 1187 poterat
527 1124 586 1187 pro
604 1104 733 1185 plemam
756 1103 859 1167 dicere
872 1103 1025 1182 refertam.
1057 1102 1120 1168 Sed
1142 1126 1210 1168 non

253 1193 358 1255 solent
379 1192 473 1275 politi
496 1194 529 1255 et
541 1192 658 1255 eruditi
672 1191 842 1274 scriptores
857 1211 895 1255 ea
908 1191 1050 1269 nomina,
1073 1212 1210 1275 quorum

251 1300 352 1341 unum
379 1299 418 1341 ex
445 1279 508 1342 alio
535 1280 667 1362 pendet,
694 1301 759 1344 uno
782 1282 815 1342 et
841 1280 952 1343 eodem
974 1299 1064 1360 casu,
1092 1299 1210 1364 genere

253 1387 290 1429 ec
303 1386 438 1430 numero
451 1386 585 1448 ponere:
601 1367 686 1450 quod
700 1387 738 1430 ea
751 1388 803 1430 res
818 1367 1012 1452 ambiguam,
1031 1367 1211 1446 obscuram,

252 1453 419 1517 insuavem
442 1453 620 1518 orationem
643 1454 730 1518 fucit.
779 1453 893 1538 Itaque
915 1459 1098 1520 ornamenta
1117 1455 1210 1534 forco-

252 1562 324 1606 rum
346 1544 432 1606 recte
456 1541 586 1605 dixeris:
611 1541 671 1625 sin,
693 1563 767 1606 cum
788 1541 868 1605 illud
891 1542 994 1607 dicere
1013 1542 1119 1626 velles,
1143 1565 1210 1607 ma-

253 1651 352 1714 gnam
374 1629 473 1694 fuime
486 1630 726 1694 multitudinem
740 1650 860 1711 eorum,
883 1631 939 1714 qui
952 1631 1102 1695 fenorum
1116 1651 1210 1695 orna·

253 1721 363 1781 menta
389 1721 585 1801 spectarent,
608 1717 737 1782 dixeris:
764 1738 915 1802 magnam
938 1718 1038 1782 fuisse
1065 1717 1210 1782 multitu-

254 1804 361 1871 dinem
385 1809 601 1888 speotatorum
616 1808 877 1871 ornamentorum
899 1805 1063 1870 fanorum:
1086 1806 1210 1869 nescire

253 1898 285 1957 te
308 1894 396 1978 loqui
420 1894 516 1958 etiam
538 1894 630 1977 pueri
653 1893 768 1957 dicent.
813 1893 921 1977 Atque
943 1893 1005 1958 hoc
1033 1897 1096 1978 est,
1123 1894 1210 1977 quod

253 1982 397 2045 rhetores
419 1985 566 2064 monent,
588 1981 727 2066 casibus,
751 1982 921 2066 generibus
944 1985 977 2044 et
998 1981 1140 2045 numeris
1164 1981 1210 2044 di-

255 2068 376 2154 stingui
403 2069 516 2133 debere
544 2069 730 2134 orationem.
780 2067 871 2143 Quod
897 2072 935 2132 ut
960 2069 1064 2153 magis
1091 2068 1211 2132 intelli-

254 2161 358 2242 gatur,
379 2177 599 2222 removeamus
622 2158 756 2221 alteram
778 2177 817 2220 ex
838 2156 903 2220 illis
925 2156 1048 2221 duabus
1068 2156 1211 2240 vocibus,

254 2248 292 2308 ut
305 2245 360 2330 sit,
383 2249 631 2309 ornamentorum
642 2245 792 2324 sommum
799 2245 927 2326 plenam
944 2246 1084 2321 domum;
1108 2265 1210 2328 aeque

254 2333 365 2416 inepta
396 2333 458 2396 erit
488 2333 600 2397 oratio.
658 2331 734 2397 Non
765 2333 865 2416 igitur
897 2332 982 2416 quod
1018 2335 1084 2396 tres
1115 2353 1210 2397 voces

256 2421 367 2486 eodem
403 2420 499 2484 modo
531 2420 793 2503 terminarentur,
831 2440 868 2484 eo
900 2420 947 2483 ita
977 2419 1066 2504 loqui
1097 2417 1210 2485 Cicero

255 2508 372 2572 noluit:
397 2506 452 2571 sed
475 2509 606 2591 propter
629 2527 709 2590 eam,
732 2529 829 2592 quam
842 2508 937 2572 modo
955 2507 1097 2591 exposui,
1119 2527 1210 2571 caus·

257 2616 334 2658 sem.
378 2594 429 2658 Ea
443 2594 530 2658 enim
544 2593 684 2676 sublata,
707 2595 889 2660 coniunctio
903 2617 970 2660 nou
983 2595 1082 2658 trium
1104 2595 1211 2677 modo,

257 2682 312 2746 sed
344 2684 377 2746 et
403 2681 545 2765 plurium
572 2681 718 2746 similiter
749 2682 964 2746 desinentium
995 2704 1108 2746 vocum
1140 2683 1211 2746 vitii

255 2770 336 2834 nihil
350 2769 500 2834 habitura
515 2772 573 2834 est.
610 2767 720 2834 Cicero
738 2770 773 2833 in
791 2768 969 2834 Miloniana
976 2768 1015 2855 ¹):
1038 2768 1211 2848 amanam,

254 2859 443 2943 plodiomm,
472 2859 645 2939 fumorum,
681 2877 857 2941 sparorum,
887 2858 1084 2940 pilorumque
1118 2858 1212 2922 ctiam

256 2949 419 3012 multitudo
432 2946 613 3029 demelmcdo'
628 2966 718 3029 posse
733 2945 936 3011 indicabatur.
982 2945 1090 3028 Vides,
1114 2967 1212 3030 quam

257 3037 313 3099 illa
341 3035 487 3099 similiter
515 3035 693 3099 desinentia
719 3055 787 3099 non
816 3033 943 3118 fugiat?
982 3032 1083 3097 Addit
1112 3033 1211 3098 homo

257 3124 492 3207 eruditissmus,
516 3122 570 3186 red
603 3125 687 3186 certe
719 3121 881 3185 interdum
909 3120 1015 3186 minus
1043 3124 1211 3185 accuratus

258 3233 354 3295 quam
383 3233 442 3294 par
470 3214 552 3293 erat,
579 3210 740 3273 invenisse
763 3230 797 3273 se
825 3210 923 3274 etiam
946 3210 1083 3273 alterum
1104 3208 1212 3272 locum

257 3299 292 3361 in
307 3296 469 3362 Ciceronis
493 3298 629 3381 scriptis,
651 3298 686 3360 in
710 3317 773 3381 quo
795 3297 849 3360 ille
873 3295 1135 3362 accusuetudine
1154 3317 1214 3360 sua

258 3383 448 3466 discesserit,
469 3405 573 3468 neque
596 3405 630 3448 se
652 3387 762 3448 tantae
777 3383 902 3448 consilii
914 3383 1104 3450 mutationis
1122 3404 1213 3448 caus·

333 3578 352 3642 ¹)
371 3591 393 3629 ο.
413 3579 455 3629 m.
476 3579 490 3639 s
510 3579 551 3628 cr.
