2658 3914
524 250 643 306 CAPUT
661 251 718 306 XL.
1031 248 1091 312 l'll

182 390 318 470 Restitit,
341 397 370 459 et
385 394 508 474 parido,
530 393 652 460 Fauces
674 392 764 472 milti,
787 413 945 458 murmure
965 393 1046 458 dreit

182 477 261 544 Duc
282 500 382 545 moue·
405 486 435 545 et
455 481 565 560 simili,
587 482 710 547 Faveas
727 481 817 559 miti,
839 500 998 546 murmure
1019 480 1093 545 dibi.

139 581 317 667 Appuleius
339 583 501 670 Apologia
526 587 644 669 prima:
672 586 767 665 Nam,
789 591 825 651 ut
846 587 947 664 audio,
970 605 1094 666 percen-

139 671 272 737 seutilure
298 673 340 738 iis
365 675 535 755 quitatum
557 694 676 753 umere,
702 675 784 740 uuiti
809 675 862 739 deo
885 676 928 738 ud
952 674 1007 738 too
1028 674 1095 737 acui

138 760 332 840 simplicooit,
360 761 482 826 uultum
514 763 658 844 temptum
684 761 899 844 frequentauit,
928 763 957 826 si
982 761 1095 840 focum

140 847 266 927 atmuod
274 853 454 928 praetereat,
477 850 566 929 nefas
579 831 668 915 tata
680 851 833 915 adurendi
847 850 954 933 pratia
966 868 1096 912 manum

141 933 237 998 lubrie
258 936 422 1001 admoveo.
467 936 623 1002 Minutius
645 937 735 1001 Felix
762 938 798 1001 in
820 936 967 1002 Octavio:
991 935 1094 1001 Caeci-

141 1021 203 1086 lius
233 1023 397 1089 simulacro
424 1023 584 1106 Serapidis
614 1027 766 1103 deuotum
797 1029 833 1089 ut
857 1025 965 1106 vulqus
992 1043 1096 1104 super·

140 1109 277 1176 stitioous
303 1111 388 1189 solet,
415 1131 545 1176 muntem
571 1113 620 1177 ori
645 1115 820 1190 udinoverre,
848 1112 983 1176 osculum
1006 1110 1097 1175 lobiis

138 1196 496 1350 tieletum

141 1373 227 1437 natis
249 1337 436 1440 hominibus
459 1309 600 1440 colendib
623 1309 771 1441 utimui).0
805 1310 828 1352 n
876 1309 915 1352 us

503 1565 648 1632 OAPUT
670 1567 736 1630 XL.

142 1683 229 1738 uou
254 1681 371 1738 nouo
398 1683 471 1739 eno
494 1684 583 1739 uou
607 1683 726 1740 uooo
749 1683 837 1738 uou
861 1683 975 1738 suern
1000 1683 1097 1737 trun

144 1770 312 1825 vernens
331 1769 416 1825 uuor
435 1770 546 1837 moun
565 1770 752 1837 uoouuum
766 1770 887 1826 cauus
906 1769 1098 1826 neumare

489 1857 643 1914 uuorun
661 1857 758 1914 usse.
793 1923 796 1931 .

232 1964 410 2031 Notaverat
435 1967 500 2030 iam
532 1966 655 2049 pridem
682 1966 801 2031 Paulus
828 1965 1006 2049 Manutius,
1037 1985 1099 2030 uon
1127 2001 1134 2017 ι

143 2053 231 2119 itudo
262 2075 321 2136 pro
352 2075 415 2119 uon
445 2055 533 2118 modo
559 2074 623 2118 uon
654 2054 838 2137 saepissime
865 2053 950 2137 apud
976 2056 1099 2117 veteres

144 2141 222 2227 legi,
248 2142 344 2226 idque
372 2145 404 2206 et
431 2161 490 2226 ego
517 2145 630 2224 postea
656 2142 738 2206 libro
765 2142 869 2224 primo
897 2139 1099 2206 Commenta-

144 2230 265 2294 riorum
287 2231 323 2293 in
341 2228 546 2295 Catilinarias
569 2229 843 2313 confirmaveram,
866 2232 899 2293 et
922 2228 976 2291 alii
998 2228 1099 2292 homi·

144 2338 202 2382 nes
235 2317 440 2384 eruditissimi
477 2339 535 2382 suo
567 2317 687 2382 calculo
724 2316 979 2400 comprobarunt.
1039 2314 1100 2381 Sed

145 2404 325 2468 inciderunt
350 2426 452 2489 nuper
478 2406 513 2470 in
539 2426 654 2469 manus
681 2425 782 2488 meas,
810 2426 882 2469 cum
905 2405 938 2468 in
966 2403 1100 2468 taberna

146 2491 283 2574 quadam
304 2492 437 2556 libraria
458 2493 580 2558 otiosus
599 2494 741 2558 sederem
763 2493 871 2578 ibique
895 2514 966 2556 oum
989 2491 1100 2556 amicis

146 2577 270 2662 aliquot
291 2579 423 2644 eruditis
446 2579 630 2645 hominibus
654 2580 863 2666 colloquerer,
885 2585 982 2646 notae
996 2579 1124 2645 ouius-'

146 2666 220 2729 dam
246 2686 323 2730 sane
346 2667 432 2732 docti
445 2688 483 2732 ac
496 2668 659 2753 diligentis
672 2669 733 2732 viri
746 2669 781 2732 in
795 2669 915 2752 scripta
929 2666 1101 2750 Ciceronis,

145 2753 180 2816 in
203 2755 318 2838 quibus
333 2755 473 2840 quodam
486 2755 557 2822 loco
571 2755 775 2821 vehementer
788 2759 935 2821 nostrum
958 2756 1101 2820 omnium

145 2839 181 2904 in
194 2862 231 2905 eo
245 2841 397 2907 iudicium
410 2844 585 2927 improbat,
608 2847 641 2907 et
662 2843 725 2908 illis
749 2843 897 2908 omnibus
915 2843 1009 2923 locis,
1033 2843 1101 2925 qui·

145 2928 207 2992 bus
230 2949 290 2992 nos
313 2928 353 2993 ud
376 2930 408 2994 id
427 2929 680 2996 confirmandum
694 2930 873 3011 utebamur,
895 2929 1101 3012 negationem

146 3014 326 3079 addendam
348 3037 417 3080 esse
440 3017 614 3083 contendit.
663 3015 735 3101 Ego
758 3019 880 3098 autem,
903 3016 930 3080 si
954 3016 1024 3099 quis
1048 3015 1100 3080 ad-

146 3123 256 3166 versus
283 3106 426 3167 veterum
455 3103 718 3168 consuetudinem
745 3103 919 3168 multorum
946 3102 1100 3168 librorum

145 3211 305 3256 consensu
327 3192 480 3256 testatam
503 3191 653 3275 opinione
677 3190 814 3275 quadam
838 3212 875 3254 ac
901 3191 1019 3255 iudicio
1043 3212 1100 3256 suo

145 3277 321 3342 autetiam
344 3279 537 3361 rationibus,
561 3300 642 3364 quae
666 3279 803 3362 speciem
825 3279 964 3362 aliquam
985 3279 1100 3363 proba-

145 3365 281 3431 bilitatis
303 3366 458 3450 habeant,
480 3366 541 3430 niti
555 3367 641 3450 velit,
662 3388 730 3431 non
744 3389 821 3433 sane
844 3371 1014 3451 propterea
1028 3387 1101 3430 cum

146 3473 184 3516 eo
216 3454 395 3518 altercabor
429 3476 534 3539 neque
570 3456 732 3539 pugnabo.
791 3453 853 3520 Sed
889 3459 999 3518 tamen
1034 3474 1102 3517 non

145 3540 292 3622 protinus
325 3541 363 3606 de
396 3543 557 3606 sententia
588 3542 789 3608 demovebor.
844 3540 916 3606 Soio
949 3542 1036 3605 enim
1067 3541 1099 3603 in
