<?xml version="1.0" encoding="UTF-8"?>
<!DOCTYPE html PUBLIC "-//W3C//DTD XHTML 1.0 Transitional//EN"
    "http://www.w3.org/TR/xhtml1/DTD/xhtml1-transitional.dtd">
<html xmlns="http://www.w3.org/1999/xhtml" xml:lang="en" lang="en">
 <head>
  <title>
</title>
<meta http-equiv="Content-Type" content="text/html;charset=utf-8" />
  <meta name='ocr-system' content='tesseract 3.04.00' />
  <meta name='ocr-capabilities' content='ocr_page ocr_carea ocr_par ocr_line ocrx_word'/>
</head>
<body>
  <div class='ocr_page' id='page_1' title='image "./scriptaselecta01muregoog_0056.png"; bbox 0 0 2656 3910; ppageno 0'>
   <div class='ocr_carea' id='block_1_1' title="bbox 451 237 1089 302">
    <p class='ocr_par' dir='ltr' id='par_1_1' title="bbox 451 237 1089 302">
     <span class='ocr_line' id='line_1_1' title="bbox 451 237 1089 302; baseline 0.002 -10"><span class='ocrx_word' id='word_1_1' title='bbox 451 237 630 294; x_wconf 81' lang='lat' dir='ltr'>EPISTOLA</span> <span class='ocrx_word' id='word_1_2' title='bbox 648 239 773 294; x_wconf 80' lang='lat' dir='ltr'>XXXIII.</span> <span class='ocrx_word' id='word_1_3' title='bbox 1046 239 1089 302; x_wconf 84' lang='lat'>49</span> 
     </span>
    </p>
   </div>
   <div class='ocr_carea' id='block_1_2' title="bbox 67 381 1095 1431">
    <p class='ocr_par' dir='ltr' id='par_1_2' title="bbox 67 381 1095 1431">
     <span class='ocr_line' id='line_1_2' title="bbox 135 381 1092 466; baseline 0 -20"><span class='ocrx_word' id='word_1_4' title='bbox 135 381 263 464; x_wconf 74' lang='lat' dir='ltr'>prodiil.</span> <span class='ocrx_word' id='word_1_5' title='bbox 307 381 467 466; x_wconf 78' lang='lat' dir='ltr'>Equidem</span> <span class='ocrx_word' id='word_1_6' title='bbox 494 386 590 446; x_wconf 72' lang='lat' dir='ltr'>antea</span> <span class='ocrx_word' id='word_1_7' title='bbox 613 386 645 446; x_wconf 75' lang='lat' dir='ltr'>el</span> <span class='ocrx_word' id='word_1_8' title='bbox 671 383 782 466; x_wconf 86' lang='lat' dir='ltr'>magni</span> <span class='ocrx_word' id='word_1_9' title='bbox 808 382 966 447; x_wconf 79' lang='lat' dir='ltr'><strong>faciebam</strong></span> <span class='ocrx_word' id='word_1_10' title='bbox 992 387 1025 446; x_wconf 77' lang='lat' dir='ltr'>le</span> <span class='ocrx_word' id='word_1_11' title='bbox 1053 405 1092 446; x_wconf 88' lang='lat' dir='ltr'>ex</span> 
     </span>
     <span class='ocr_line' id='line_1_3' title="bbox 137 469 1090 554; baseline -0.001 -20"><span class='ocrx_word' id='word_1_12' title='bbox 137 469 264 553; x_wconf 76' lang='lat' dir='ltr'>scriplis</span> <span class='ocrx_word' id='word_1_13' title='bbox 291 470 369 553; x_wconf 73' lang='lat' dir='ltr'>luis,</span> <span class='ocrx_word' id='word_1_14' title='bbox 397 470 601 535; x_wconf 77' lang='lat' dir='ltr'>clamabam</span> <span class='ocrx_word' id='word_1_15' title='bbox 628 492 687 554; x_wconf 93' lang='lat' dir='ltr'>pro</span> <span class='ocrx_word' id='word_1_16' title='bbox 715 470 845 553; x_wconf 89' lang='lat' dir='ltr'>iudicio,</span> <span class='ocrx_word' id='word_1_17' title='bbox 869 470 954 553; x_wconf 89' lang='lat' dir='ltr'>quod</span> <span class='ocrx_word' id='word_1_18' title='bbox 982 492 1090 536; x_wconf 89' lang='lat' dir='ltr'>aman·</span> 
     </span>
     <span class='ocr_line' id='line_1_4' title="bbox 135 557 1091 623; baseline 0.002 -2"><span class='ocrx_word' id='word_1_19' title='bbox 135 557 259 622; x_wconf 78' lang='lat' dir='ltr'>tissime</span> <span class='ocrx_word' id='word_1_20' title='bbox 282 557 321 622; x_wconf 90' lang='lat' dir='ltr'>de</span> <span class='ocrx_word' id='word_1_21' title='bbox 345 558 521 622; x_wconf 77' lang='lat' dir='ltr'>emendatis</span> <span class='ocrx_word' id='word_1_22' title='bbox 545 579 564 622; x_wconf 87' lang='lat' dir='ltr'>a</span> <span class='ocrx_word' id='word_1_23' title='bbox 586 579 637 622; x_wconf 90' lang='lat' dir='ltr'>me</span> <span class='ocrx_word' id='word_1_24' title='bbox 655 557 797 622; x_wconf 74' lang='lat' dir='ltr'>Terentii</span> <span class='ocrx_word' id='word_1_25' title='bbox 818 558 936 623; x_wconf 88' lang='lat' dir='ltr'>fabulis</span> <span class='ocrx_word' id='word_1_26' title='bbox 960 558 1091 623; x_wconf 89' lang='lat' dir='ltr'>feceras.</span> 
     </span>
     <span class='ocr_line' id='line_1_5' title="bbox 136 643 1091 730; baseline 0.001 -21"><span class='ocrx_word' id='word_1_27' title='bbox 136 643 232 709; x_wconf 88' lang='lat' dir='ltr'>Nunc</span> <span class='ocrx_word' id='word_1_28' title='bbox 254 665 343 729; x_wconf 77' lang='lat' dir='ltr'>vero,</span> <span class='ocrx_word' id='word_1_29' title='bbox 370 645 450 710; x_wconf 91' lang='lat' dir='ltr'>mihi</span> <span class='ocrx_word' id='word_1_30' title='bbox 473 646 578 729; x_wconf 87' lang='lat' dir='ltr'>erede,</span> <span class='ocrx_word' id='word_1_31' title='bbox 604 649 698 709; x_wconf 72' lang='lat' dir='ltr'>tante</span> <span class='ocrx_word' id='word_1_32' title='bbox 719 645 858 710; x_wconf 74' lang='lat' dir='ltr'>accessio</span> <span class='ocrx_word' id='word_1_33' title='bbox 885 649 1018 730; x_wconf 71' lang='lat' dir='ltr'>propter</span> <span class='ocrx_word' id='word_1_34' title='bbox 1039 645 1091 709; x_wconf 87' lang='lat' dir='ltr'>Li-</span> 
     </span>
     <span class='ocr_line' id='line_1_6' title="bbox 136 732 1091 818; baseline 0.002 -21"><span class='ocrx_word' id='word_1_35' title='bbox 136 732 243 818; x_wconf 87' lang='lat' dir='ltr'>psium</span> <span class='ocrx_word' id='word_1_36' title='bbox 265 734 352 797; x_wconf 76' lang='lat' dir='ltr'>facta</span> <span class='ocrx_word' id='word_1_37' title='bbox 374 737 424 798; x_wconf 78' lang='lat' dir='ltr'>esl</span> <span class='ocrx_word' id='word_1_38' title='bbox 445 737 479 798; x_wconf 76' lang='lat' dir='ltr'>el</span> <span class='ocrx_word' id='word_1_39' title='bbox 500 734 541 797; x_wconf 87' lang='lat' dir='ltr'>ad</span> <span class='ocrx_word' id='word_1_40' title='bbox 564 734 748 816; x_wconf 87' lang='lat' dir='ltr'>opinionem</span> <span class='ocrx_word' id='word_1_41' title='bbox 771 734 810 798; x_wconf 91' lang='lat' dir='ltr'>de</span> <span class='ocrx_word' id='word_1_42' title='bbox 832 737 865 797; x_wconf 75' lang='lat' dir='ltr'>le</span> <span class='ocrx_word' id='word_1_43' title='bbox 888 736 921 797; x_wconf 78' lang='lat' dir='ltr'>el</span> <span class='ocrx_word' id='word_1_44' title='bbox 942 735 982 797; x_wconf 91' lang='lat' dir='ltr'>ad</span> <span class='ocrx_word' id='word_1_45' title='bbox 1006 756 1091 799; x_wconf 91' lang='lat' dir='ltr'>amo-</span> 
     </span>
     <span class='ocr_line' id='line_1_7' title="bbox 137 821 1092 907; baseline 0.002 -25"><span class='ocrx_word' id='word_1_46' title='bbox 137 841 206 883; x_wconf 90' lang='lat' dir='ltr'>rem</span> <span class='ocrx_word' id='word_1_47' title='bbox 228 840 306 905; x_wconf 79' lang='lat' dir='ltr'>erga</span> <span class='ocrx_word' id='word_1_48' title='bbox 326 824 359 885; x_wconf 79' lang='lat' dir='ltr'>le</span> <span class='ocrx_word' id='word_1_49' title='bbox 382 842 501 904; x_wconf 85' lang='lat' dir='ltr'>meum,</span> <span class='ocrx_word' id='word_1_50' title='bbox 528 821 610 885; x_wconf 91' lang='lat' dir='ltr'>nihil</span> <span class='ocrx_word' id='word_1_51' title='bbox 632 824 670 885; x_wconf 78' lang='lat' dir='ltr'>ul</span> <span class='ocrx_word' id='word_1_52' title='bbox 695 822 800 906; x_wconf 81' lang='lat' dir='ltr'>magis</span> <span class='ocrx_word' id='word_1_53' title='bbox 828 821 969 905; x_wconf 80' lang='lat' dir='ltr'>cupiam,</span> <span class='ocrx_word' id='word_1_54' title='bbox 996 843 1092 907; x_wconf 87' lang='lat' dir='ltr'>quam</span> 
     </span>
     <span class='ocr_line' id='line_1_8' title="bbox 137 908 1094 994; baseline 0.001 -23"><span class='ocrx_word' id='word_1_55' title='bbox 137 908 339 973; x_wconf 87' lang='lat' dir='ltr'>occasionem</span> <span class='ocrx_word' id='word_1_56' title='bbox 361 909 441 973; x_wconf 89' lang='lat' dir='ltr'>mihi</span> <span class='ocrx_word' id='word_1_57' title='bbox 463 911 604 994; x_wconf 90' lang='lat' dir='ltr'>aliquam</span> <span class='ocrx_word' id='word_1_58' title='bbox 625 909 694 973; x_wconf 89' lang='lat' dir='ltr'>dari</span> <span class='ocrx_word' id='word_1_59' title='bbox 717 909 899 973; x_wconf 88' lang='lat' dir='ltr'>declarandi</span> <span class='ocrx_word' id='word_1_60' title='bbox 920 909 982 972; x_wconf 76' lang='lat' dir='ltr'>eibi</span> <span class='ocrx_word' id='word_1_61' title='bbox 1003 930 1038 972; x_wconf 90' lang='lat' dir='ltr'>re</span> <span class='ocrx_word' id='word_1_62' title='bbox 1061 912 1094 972; x_wconf 73' lang='lat' dir='ltr'>eh</span> 
     </span>
     <span class='ocr_line' id='line_1_9' title="bbox 137 994 1094 1080; baseline 0.001 -22"><span class='ocrx_word' id='word_1_63' title='bbox 137 995 246 1078; x_wconf 78' lang='lat' dir='ltr'>factis,</span> <span class='ocrx_word' id='word_1_64' title='bbox 274 997 387 1080; x_wconf 76' lang='lat' dir='ltr'>quanti</span> <span class='ocrx_word' id='word_1_65' title='bbox 418 999 503 1080; x_wconf 91' lang='lat' dir='ltr'>apud</span> <span class='ocrx_word' id='word_1_66' title='bbox 534 1017 586 1060; x_wconf 91' lang='lat' dir='ltr'>me</span> <span class='ocrx_word' id='word_1_67' title='bbox 614 997 666 1061; x_wconf 80' lang='lat' dir='ltr'>sIs.</span> <span class='ocrx_word' id='word_1_68' title='bbox 712 994 811 1060; x_wconf 67' lang='lat' dir='ltr'>(iuius</span> <span class='ocrx_word' id='word_1_69' title='bbox 842 997 890 1059; x_wconf 88' lang='lat' dir='ltr'>rei</span> <span class='ocrx_word' id='word_1_70' title='bbox 922 996 950 1059; x_wconf 89' lang='lat' dir='ltr'>si</span> <span class='ocrx_word' id='word_1_71' title='bbox 981 995 1094 1059; x_wconf 71' lang='lat' dir='ltr'>libebir</span> 
     </span>
     <span class='ocr_line' id='line_1_10' title="bbox 138 1081 1094 1168; baseline 0.001 -23"><span class='ocrx_word' id='word_1_72' title='bbox 138 1082 316 1165; x_wconf 88' lang='lat' dir='ltr'>periculum</span> <span class='ocrx_word' id='word_1_73' title='bbox 346 1081 464 1166; x_wconf 81' lang='lat' dir='ltr'>facere,</span> <span class='ocrx_word' id='word_1_74' title='bbox 497 1105 616 1167; x_wconf 86' lang='lat' dir='ltr'>quaeso</span> <span class='ocrx_word' id='word_1_75' title='bbox 643 1086 698 1166; x_wconf 79' lang='lat' dir='ltr'>le,.</span> <span class='ocrx_word' id='word_1_76' title='bbox 722 1083 749 1147; x_wconf 92' lang='lat' dir='ltr'>si</span> <span class='ocrx_word' id='word_1_77' title='bbox 777 1083 832 1168; x_wconf 94' lang='lat' dir='ltr'>qui</span> <span class='ocrx_word' id='word_1_78' title='bbox 862 1082 925 1147; x_wconf 91' lang='lat' dir='ltr'>huc</span> <span class='ocrx_word' id='word_1_79' title='bbox 956 1083 1094 1166; x_wconf 77' lang='lat' dir='ltr'>venient,</span> 
     </span>
     <span class='ocr_line' id='line_1_11' title="bbox 140 1170 1094 1255; baseline 0.002 -23"><span class='ocrx_word' id='word_1_80' title='bbox 140 1190 220 1253; x_wconf 88' lang='lat' dir='ltr'>quos</span> <span class='ocrx_word' id='word_1_81' title='bbox 243 1173 280 1232; x_wconf 76' lang='lat' dir='ltr'>tu</span> <span class='ocrx_word' id='word_1_82' title='bbox 302 1189 400 1253; x_wconf 81' lang='lat' dir='ltr'>ames,</span> <span class='ocrx_word' id='word_1_83' title='bbox 420 1171 653 1255; x_wconf 87' lang='lat' dir='ltr'>praecipueque</span> <span class='ocrx_word' id='word_1_84' title='bbox 668 1170 722 1254; x_wconf 91' lang='lat' dir='ltr'>qui</span> <span class='ocrx_word' id='word_1_85' title='bbox 744 1170 887 1235; x_wconf 74' lang='lat' dir='ltr'>habeant</span> <span class='ocrx_word' id='word_1_86' title='bbox 909 1170 1030 1255; x_wconf 89' lang='lat' dir='ltr'>aliquid</span> <span class='ocrx_word' id='word_1_87' title='bbox 1053 1171 1094 1234; x_wconf 91' lang='lat' dir='ltr'>si-</span> 
     </span>
     <span class='ocr_line' id='line_1_12' title="bbox 138 1255 1094 1342; baseline 0.004 -22"><span class='ocrx_word' id='word_1_88' title='bbox 138 1257 214 1321; x_wconf 92' lang='lat' dir='ltr'>mile</span> <span class='ocrx_word' id='word_1_89' title='bbox 236 1255 346 1342; x_wconf 86' lang='lat' dir='ltr'>Lipsii,</span> <span class='ocrx_word' id='word_1_90' title='bbox 368 1261 405 1322; x_wconf 75' lang='lat' dir='ltr'>ut</span> <span class='ocrx_word' id='word_1_91' title='bbox 419 1279 473 1324; x_wconf 89' lang='lat' dir='ltr'>eos</span> <span class='ocrx_word' id='word_1_92' title='bbox 495 1258 576 1323; x_wconf 93' lang='lat' dir='ltr'>mihi</span> <span class='ocrx_word' id='word_1_93' title='bbox 597 1258 801 1342; x_wconf 79' lang='lat' dir='ltr'>potissimum</span> <span class='ocrx_word' id='word_1_94' title='bbox 824 1259 1094 1324; x_wconf 86' lang='lat' dir='ltr'>commendandos</span> 
     </span>
     <span class='ocr_line' id='line_1_13' title="bbox 67 1343 1095 1431; baseline 0.004 -23"><span class='ocrx_word' id='word_1_95' title='bbox 67 1358 69 1362; x_wconf 84' lang='grc'><strong><em>·</em></strong></span> <span class='ocrx_word' id='word_1_96' title='bbox 138 1347 241 1428; x_wconf 76' lang='lat' dir='ltr'>pules.</span> <span class='ocrx_word' id='word_1_97' title='bbox 278 1343 364 1410; x_wconf 91' lang='lat' dir='ltr'>Nam</span> <span class='ocrx_word' id='word_1_98' title='bbox 387 1347 497 1411; x_wconf 89' lang='lat' dir='ltr'>eadem</span> <span class='ocrx_word' id='word_1_99' title='bbox 521 1367 619 1430; x_wconf 88' lang='lat' dir='ltr'>opera</span> <span class='ocrx_word' id='word_1_100' title='bbox 641 1350 674 1411; x_wconf 78' lang='lat' dir='ltr'>el</span> <span class='ocrx_word' id='word_1_101' title='bbox 696 1366 756 1431; x_wconf 82' lang='lat' dir='ltr'>ego</span> <span class='ocrx_word' id='word_1_102' title='bbox 778 1347 859 1411; x_wconf 89' lang='lat' dir='ltr'>mihi</span> <span class='ocrx_word' id='word_1_103' title='bbox 881 1347 1014 1413; x_wconf 84' lang='lat' dir='ltr'>videbor</span> <span class='ocrx_word' id='word_1_104' title='bbox 1037 1347 1095 1412; x_wconf 84' lang='lat' dir='ltr'>abs</span> 
     </span>
    </p>
   </div>
   <div class='ocr_carea' id='block_1_3' title="bbox 39 1432 1095 1519">
    <p class='ocr_par' dir='ltr' id='par_1_3' title="bbox 39 1432 1095 1519">
     <span class='ocr_line' id='line_1_14' title="bbox 39 1432 1095 1519; baseline 0.004 -25"><span class='ocrx_word' id='word_1_105' title='bbox 39 1439 42 1443; x_wconf 87' lang='lat'>&#39;</span> <span class='ocrx_word' id='word_1_106' title='bbox 139 1435 172 1494; x_wconf 78' lang='lat' dir='ltr'>Ie</span> <span class='ocrx_word' id='word_1_107' title='bbox 199 1432 389 1498; x_wconf 83' lang='lat' dir='ltr'>beneficium</span> <span class='ocrx_word' id='word_1_108' title='bbox 416 1435 558 1519; x_wconf 86' lang='lat' dir='ltr'>accipere</span> <span class='ocrx_word' id='word_1_109' title='bbox 582 1438 615 1499; x_wconf 79' lang='lat' dir='ltr'>el</span> <span class='ocrx_word' id='word_1_110' title='bbox 641 1435 782 1500; x_wconf 84' lang='lat' dir='ltr'>conabor</span> <span class='ocrx_word' id='word_1_111' title='bbox 809 1435 947 1518; x_wconf 85' lang='lat' dir='ltr'>efficere,</span> <span class='ocrx_word' id='word_1_112' title='bbox 973 1437 1011 1498; x_wconf 76' lang='lat' dir='ltr'>ul</span> <span class='ocrx_word' id='word_1_113' title='bbox 1031 1435 1095 1518; x_wconf 90' lang='lat' dir='ltr'>ipsi</span> 
     </span>
    </p>
   </div>
   <div class='ocr_carea' id='block_1_4' title="bbox 139 1522 1113 1694">
    <p class='ocr_par' dir='ltr' id='par_1_4' title="bbox 139 1522 1113 1694">
     <span class='ocr_line' id='line_1_15' title="bbox 141 1522 1113 1607; baseline 0.003 -24"><span class='ocrx_word' id='word_1_114' title='bbox 141 1540 267 1605; x_wconf 89' lang='lat' dir='ltr'>quoque</span> <span class='ocrx_word' id='word_1_115' title='bbox 290 1522 479 1586; x_wconf 89' lang='lat' dir='ltr'>eonomine</span> <span class='ocrx_word' id='word_1_116' title='bbox 503 1522 623 1607; x_wconf 90' lang='lat' dir='ltr'>aliquid</span> <span class='ocrx_word' id='word_1_117' title='bbox 646 1543 680 1587; x_wconf 88' lang='lat' dir='ltr'>se</span> <span class='ocrx_word' id='word_1_118' title='bbox 702 1523 763 1586; x_wconf 75' lang='lat' dir='ltr'>eibi</span> <span class='ocrx_word' id='word_1_119' title='bbox 786 1522 957 1606; x_wconf 84' lang='lat' dir='ltr'>aliquando</span> <span class='ocrx_word' id='word_1_120' title='bbox 981 1522 1113 1587; x_wconf 89' lang='lat' dir='ltr'>debere·</span> 
     </span>
     <span class='ocr_line' id='line_1_16' title="bbox 139 1607 1028 1694; baseline 0.002 -23"><span class='ocrx_word' id='word_1_121' title='bbox 139 1607 311 1672; x_wconf 66' lang='lat' dir='ltr'>falconem.</span> <span class='ocrx_word' id='word_1_122' title='bbox 355 1608 446 1673; x_wconf 88' lang='lat' dir='ltr'>Vale.</span> <span class='ocrx_word' id='word_1_123' title='bbox 469 1609 600 1674; x_wconf 83' lang='lat' dir='ltr'>Romae.</span> <span class='ocrx_word' id='word_1_124' title='bbox 622 1627 669 1674; x_wconf 86' lang='lat' dir='ltr'>m.</span> <span class='ocrx_word' id='word_1_125' title='bbox 682 1607 768 1672; x_wconf 90' lang='lat' dir='ltr'>Non.</span> <span class='ocrx_word' id='word_1_126' title='bbox 781 1607 883 1694; x_wconf 83' lang='lat' dir='ltr'>April.</span> <span class='ocrx_word' id='word_1_127' title='bbox 897 1627 1028 1674; x_wconf 69' lang='lat' dir='ltr'>nunu.</span> 
     </span>
    </p>
   </div>
   <div class='ocr_carea' id='block_1_5' title="bbox 544 1851 688 1918">
    <p class='ocr_par' dir='ltr' id='par_1_5' title="bbox 544 1851 688 1918">
     <span class='ocr_line' id='line_1_17' title="bbox 544 1851 688 1918; baseline 0 0"><span class='ocrx_word' id='word_1_128' title='bbox 544 1851 688 1918; x_wconf 87' lang='lat' dir='ltr'>XXXIII</span> 
     </span>
    </p>
   </div>
   <div class='ocr_carea' id='block_1_6' title="bbox 332 1975 1023 2052">
    <p class='ocr_par' dir='ltr' id='par_1_6' title="bbox 332 1975 1023 2052">
     <span class='ocr_line' id='line_1_18' title="bbox 332 1975 1023 2052; baseline 0.006 -4"><span class='ocrx_word' id='word_1_129' title='bbox 332 1975 381 2048; x_wconf 88' lang='grc' dir='ltr'>Μ.</span> <span class='ocrx_word' id='word_1_130' title='bbox 409 1976 650 2050; x_wconf 80' lang='lat' dir='ltr'>ANTONIUS</span> <span class='ocrx_word' id='word_1_131' title='bbox 677 1976 901 2052; x_wconf 66' lang='lat' dir='ltr'>Musaeus</span> <span class='ocrx_word' id='word_1_132' title='bbox 1021 1995 1023 2008; x_wconf 87' lang='lat'>&#39;</span> 
     </span>
    </p>
   </div>
   <div class='ocr_carea' id='block_1_7' title="bbox 368 2109 862 2242">
    <p class='ocr_par' dir='ltr' id='par_1_7' title="bbox 368 2109 862 2242">
     <span class='ocr_line' id='line_1_19' title="bbox 368 2109 862 2167; baseline 0.006 -3"><span class='ocrx_word' id='word_1_133' title='bbox 368 2109 531 2167; x_wconf 83' lang='lat' dir='ltr'>HORA&#39;IIO</span> <span class='ocrx_word' id='word_1_134' title='bbox 551 2109 774 2166; x_wconf 80' lang='lat' dir='ltr'><strong>GARDANETO</strong></span> <span class='ocrx_word' id='word_1_135' title='bbox 794 2111 862 2167; x_wconf 80' lang='lat' dir='ltr'>SUO</span> 
     </span>
     <span class='ocr_line' id='line_1_20' title="bbox 589 2199 653 2242; baseline 0.016 -1"><span class='ocrx_word' id='word_1_136' title='bbox 589 2199 611 2241; x_wconf 79' lang='grc' dir='ltr'>Β.</span> <span class='ocrx_word' id='word_1_137' title='bbox 624 2199 653 2242; x_wconf 88' lang='lat' dir='ltr'>D.</span> 
     </span>
    </p>
   </div>
   <div class='ocr_carea' id='block_1_8' title="bbox 143 2306 1120 3694">
    <p class='ocr_par' dir='ltr' id='par_1_8' title="bbox 143 2306 1120 3623">
     <span class='ocr_line' id='line_1_21' title="bbox 210 2306 1096 2393; baseline 0.002 -23"><span class='ocrx_word' id='word_1_138' title='bbox 210 2306 263 2370; x_wconf 88' lang='lat' dir='ltr'>Ad</span> <span class='ocrx_word' id='word_1_139' title='bbox 291 2328 344 2374; x_wconf 87' lang='lat' dir='ltr'>eas</span> <span class='ocrx_word' id='word_1_140' title='bbox 371 2308 510 2392; x_wconf 72' lang='lat' dir='ltr'>liceras,</span> <span class='ocrx_word' id='word_1_141' title='bbox 538 2329 618 2393; x_wconf 88' lang='lat' dir='ltr'>quas</span> <span class='ocrx_word' id='word_1_142' title='bbox 641 2330 661 2372; x_wconf 89' lang='lat' dir='ltr'>a</span> <span class='ocrx_word' id='word_1_143' title='bbox 687 2311 720 2372; x_wconf 81' lang='lat' dir='ltr'>le</span> <span class='ocrx_word' id='word_1_144' title='bbox 747 2307 865 2372; x_wconf 89' lang='lat' dir='ltr'>amoris</span> <span class='ocrx_word' id='word_1_145' title='bbox 892 2306 1096 2391; x_wconf 89' lang='lat' dir='ltr'>plenissimas</span> 
     </span>
     <span class='ocr_line' id='line_1_22' title="bbox 143 2396 1096 2480; baseline 0.005 -24"><span class='ocrx_word' id='word_1_146' title='bbox 143 2415 247 2477; x_wconf 82' lang='lat' dir='ltr'>nuper</span> <span class='ocrx_word' id='word_1_147' title='bbox 269 2397 390 2480; x_wconf 85' lang='lat' dir='ltr'>accepi,</span> <span class='ocrx_word' id='word_1_148' title='bbox 413 2397 523 2461; x_wconf 70' lang='lat' dir='ltr'>slahim</span> <span class='ocrx_word' id='word_1_149' title='bbox 544 2396 795 2480; x_wconf 85' lang='lat' dir='ltr'>respondissem,</span> <span class='ocrx_word' id='word_1_150' title='bbox 818 2396 846 2462; x_wconf 90' lang='lat' dir='ltr'>si</span> <span class='ocrx_word' id='word_1_151' title='bbox 869 2396 991 2462; x_wconf 74' lang='lat' dir='ltr'>otiosus</span> <span class='ocrx_word' id='word_1_152' title='bbox 1019 2396 1096 2461; x_wconf 87' lang='lat' dir='ltr'>fuis·</span> 
     </span>
     <span class='ocr_line' id='line_1_23' title="bbox 146 2481 1096 2570; baseline 0.004 -25"><span class='ocrx_word' id='word_1_153' title='bbox 146 2503 222 2546; x_wconf 86' lang='lat' dir='ltr'>sem.</span> <span class='ocrx_word' id='word_1_154' title='bbox 267 2481 330 2547; x_wconf 82' lang='lat' dir='ltr'>Sed</span> <span class='ocrx_word' id='word_1_155' title='bbox 358 2505 446 2548; x_wconf 87' lang='lat' dir='ltr'>eram</span> <span class='ocrx_word' id='word_1_156' title='bbox 472 2488 646 2568; x_wconf 77' lang='lat' dir='ltr'>occupatus</span> <span class='ocrx_word' id='word_1_157' title='bbox 667 2485 703 2550; x_wconf 93' lang='lat' dir='ltr'>in</span> <span class='ocrx_word' id='word_1_158' title='bbox 729 2484 986 2570; x_wconf 81' lang='lat' dir='ltr'>recognoscendo</span> <span class='ocrx_word' id='word_1_159' title='bbox 1008 2486 1096 2550; x_wconf 83' lang='lat' dir='ltr'>volu·</span> 
     </span>
     <span class='ocr_line' id='line_1_24' title="bbox 146 2571 1120 2658; baseline 0.003 -24"><span class='ocrx_word' id='word_1_160' title='bbox 146 2571 232 2634; x_wconf 88' lang='lat' dir='ltr'>mine</span> <span class='ocrx_word' id='word_1_161' title='bbox 260 2571 397 2653; x_wconf 91' lang='lat' dir='ltr'>quodam</span> <span class='ocrx_word' id='word_1_162' title='bbox 425 2573 606 2637; x_wconf 78' lang='lat' dir='ltr'>oralionum</span> <span class='ocrx_word' id='word_1_163' title='bbox 632 2594 788 2656; x_wconf 88' lang='lat' dir='ltr'>mearum,</span> <span class='ocrx_word' id='word_1_164' title='bbox 818 2573 946 2658; x_wconf 89' lang='lat' dir='ltr'>quoda</span> <span class='ocrx_word' id='word_1_165' title='bbox 972 2592 1024 2637; x_wconf 92' lang='lat' dir='ltr'>me</span> <span class='ocrx_word' id='word_1_166' title='bbox 1046 2573 1120 2637; x_wconf 90' lang='lat' dir='ltr'>his·</span> 
     </span>
     <span class='ocr_line' id='line_1_25' title="bbox 146 2659 1098 2746; baseline 0 -22"><span class='ocrx_word' id='word_1_167' title='bbox 146 2659 363 2743; x_wconf 87' lang='lat' dir='ltr'>superioribus</span> <span class='ocrx_word' id='word_1_168' title='bbox 377 2659 488 2724; x_wconf 86' lang='lat' dir='ltr'>diebus</span> <span class='ocrx_word' id='word_1_169' title='bbox 510 2660 634 2724; x_wconf 87' lang='lat' dir='ltr'>librarii</span> <span class='ocrx_word' id='word_1_170' title='bbox 648 2664 850 2725; x_wconf 72' lang='lat' dir='ltr'>extorsenml</span> <span class='ocrx_word' id='word_1_171' title='bbox 871 2662 986 2743; x_wconf 80' lang='lat' dir='ltr'>verius,</span> <span class='ocrx_word' id='word_1_172' title='bbox 1001 2683 1098 2746; x_wconf 90' lang='lat' dir='ltr'>quam</span> 
     </span>
     <span class='ocr_line' id='line_1_26' title="bbox 145 2747 1097 2832; baseline 0 -19"><span class='ocrx_word' id='word_1_173' title='bbox 145 2748 366 2831; x_wconf 70' lang='lat' dir='ltr'>impetrarunt.</span> <span class='ocrx_word' id='word_1_174' title='bbox 395 2747 534 2813; x_wconf 91' lang='lat' dir='ltr'>Omnino</span> <span class='ocrx_word' id='word_1_175' title='bbox 552 2749 638 2813; x_wconf 92' lang='lat' dir='ltr'>enim</span> <span class='ocrx_word' id='word_1_176' title='bbox 657 2749 884 2814; x_wconf 76' lang='lat' dir='ltr'>oonsli&#39;eueram</span> <span class='ocrx_word' id='word_1_177' title='bbox 906 2749 988 2812; x_wconf 90' lang='lat' dir='ltr'>nihil</span> <span class='ocrx_word' id='word_1_178' title='bbox 1010 2754 1097 2832; x_wconf 75' lang='lat' dir='ltr'>post·</span> 
     </span>
     <span class='ocr_line' id='line_1_27' title="bbox 144 2835 1097 2919; baseline 0.001 -20"><span class='ocrx_word' id='word_1_179' title='bbox 144 2836 206 2900; x_wconf 84' lang='lat' dir='ltr'>hee</span> <span class='ocrx_word' id='word_1_180' title='bbox 233 2835 384 2899; x_wconf 83' lang='lat' dir='ltr'>scribere:</span> <span class='ocrx_word' id='word_1_181' title='bbox 412 2837 469 2900; x_wconf 88' lang='lat' dir='ltr'>sed</span> <span class='ocrx_word' id='word_1_182' title='bbox 490 2857 555 2919; x_wconf 86' lang='lat' dir='ltr'>me,</span> <span class='ocrx_word' id='word_1_183' title='bbox 577 2839 614 2900; x_wconf 80' lang='lat' dir='ltr'>ul</span> <span class='ocrx_word' id='word_1_184' title='bbox 636 2837 804 2902; x_wconf 89' lang='lat' dir='ltr'>consilium</span> <span class='ocrx_word' id='word_1_185' title='bbox 831 2839 997 2918; x_wconf 76' lang='lat' dir='ltr'>mutarem,</span> <span class='ocrx_word' id='word_1_186' title='bbox 1020 2837 1097 2900; x_wconf 91' lang='lat' dir='ltr'>ami·</span> 
     </span>
     <span class='ocr_line' id='line_1_28' title="bbox 146 2923 1098 2988; baseline -0.001 -1"><span class='ocrx_word' id='word_1_187' title='bbox 146 2943 257 2987; x_wconf 90' lang='lat' dir='ltr'>corum</span> <span class='ocrx_word' id='word_1_188' title='bbox 277 2923 374 2986; x_wconf 91' lang='lat' dir='ltr'>nimis</span> <span class='ocrx_word' id='word_1_189' title='bbox 396 2923 477 2988; x_wconf 89' lang='lat' dir='ltr'>bene</span> <span class='ocrx_word' id='word_1_190' title='bbox 501 2923 539 2987; x_wconf 91' lang='lat' dir='ltr'>de</span> <span class='ocrx_word' id='word_1_191' title='bbox 561 2945 613 2986; x_wconf 90' lang='lat' dir='ltr'>me</span> <span class='ocrx_word' id='word_1_192' title='bbox 635 2924 842 2987; x_wconf 71' lang='lat' dir='ltr'>sentiendium</span> <span class='ocrx_word' id='word_1_193' title='bbox 863 2944 930 2988; x_wconf 90' lang='lat' dir='ltr'>non</span> <span class='ocrx_word' id='word_1_194' title='bbox 953 2923 1098 2986; x_wconf 78' lang='lat' dir='ltr'>cohorla·</span> 
     </span>
     <span class='ocr_line' id='line_1_29' title="bbox 146 3009 1098 3093; baseline -0.001 -18"><span class='ocrx_word' id='word_1_195' title='bbox 146 3011 252 3075; x_wconf 76' lang='lat' dir='ltr'>tiones</span> <span class='ocrx_word' id='word_1_196' title='bbox 273 3009 379 3093; x_wconf 91' lang='lat' dir='ltr'>modo,</span> <span class='ocrx_word' id='word_1_197' title='bbox 402 3010 457 3074; x_wconf 91' lang='lat' dir='ltr'>sed</span> <span class='ocrx_word' id='word_1_198' title='bbox 479 3030 588 3092; x_wconf 89' lang='lat' dir='ltr'>preces</span> <span class='ocrx_word' id='word_1_199' title='bbox 612 3011 757 3074; x_wconf 87' lang='lat' dir='ltr'>assiduae</span> <span class='ocrx_word' id='word_1_200' title='bbox 781 3013 962 3092; x_wconf 69' lang='lat' dir='ltr'>coegenmt.</span> <span class='ocrx_word' id='word_1_201' title='bbox 997 3009 1038 3072; x_wconf 93' lang='lat' dir='ltr'>In</span> <span class='ocrx_word' id='word_1_202' title='bbox 1061 3031 1098 3074; x_wconf 93' lang='lat' dir='ltr'>eo</span> 
     </span>
     <span class='ocr_line' id='line_1_30' title="bbox 146 3096 1099 3183; baseline 0 -21"><span class='ocrx_word' id='word_1_203' title='bbox 146 3098 246 3183; x_wconf 72' lang='lat' dir='ltr'>Igitur</span> <span class='ocrx_word' id='word_1_204' title='bbox 269 3117 357 3160; x_wconf 88' lang='lat' dir='ltr'>eram</span> <span class='ocrx_word' id='word_1_205' title='bbox 380 3100 562 3180; x_wconf 78' lang='lat' dir='ltr'>occupatus,</span> <span class='ocrx_word' id='word_1_206' title='bbox 585 3117 657 3161; x_wconf 91' lang='lat' dir='ltr'>oum</span> <span class='ocrx_word' id='word_1_207' title='bbox 680 3096 788 3180; x_wconf 86' lang='lat' dir='ltr'>aeoepi</span> <span class='ocrx_word' id='word_1_208' title='bbox 809 3097 934 3162; x_wconf 73' lang='lat' dir='ltr'>liceras</span> <span class='ocrx_word' id='word_1_209' title='bbox 955 3100 1042 3162; x_wconf 77' lang='lat' dir='ltr'>luas:</span> <span class='ocrx_word' id='word_1_210' title='bbox 1066 3102 1099 3162; x_wconf 77' lang='lat' dir='ltr'>el</span> 
     </span>
     <span class='ocr_line' id='line_1_31' title="bbox 147 3184 1099 3270; baseline 0 -20"><span class='ocrx_word' id='word_1_211' title='bbox 147 3187 242 3250; x_wconf 87' lang='lat' dir='ltr'>simul</span> <span class='ocrx_word' id='word_1_212' title='bbox 265 3185 413 3269; x_wconf 71' lang='lat' dir='ltr'>cogitavi,</span> <span class='ocrx_word' id='word_1_213' title='bbox 436 3185 464 3249; x_wconf 90' lang='lat' dir='ltr'>si</span> <span class='ocrx_word' id='word_1_214' title='bbox 483 3187 594 3270; x_wconf 87' lang='lat' dir='ltr'>paullo</span> <span class='ocrx_word' id='word_1_215' title='bbox 618 3185 719 3252; x_wconf 88' lang='lat' dir='ltr'>serius</span> <span class='ocrx_word' id='word_1_216' title='bbox 732 3184 967 3270; x_wconf 89' lang='lat' dir='ltr'>responderem,</span> <span class='ocrx_word' id='word_1_217' title='bbox 990 3185 1099 3250; x_wconf 86' lang='lat' dir='ltr'>damni</span> 
     </span>
     <span class='ocr_line' id='line_1_32' title="bbox 146 3272 1098 3358; baseline 0.002 -20"><span class='ocrx_word' id='word_1_218' title='bbox 146 3274 228 3338; x_wconf 90' lang='lat' dir='ltr'>nihil</span> <span class='ocrx_word' id='word_1_219' title='bbox 249 3273 285 3336; x_wconf 93' lang='lat' dir='ltr'>in</span> <span class='ocrx_word' id='word_1_220' title='bbox 306 3294 398 3338; x_wconf 87' lang='lat' dir='ltr'>mora</span> <span class='ocrx_word' id='word_1_221' title='bbox 419 3274 496 3338; x_wconf 84' lang='lat' dir='ltr'>fore.</span> <span class='ocrx_word' id='word_1_222' title='bbox 523 3272 572 3338; x_wconf 91' lang='lat' dir='ltr'>De</span> <span class='ocrx_word' id='word_1_223' title='bbox 595 3274 666 3339; x_wconf 89' lang='lat' dir='ltr'>loeo</span> <span class='ocrx_word' id='word_1_224' title='bbox 683 3273 739 3339; x_wconf 92' lang='lat' dir='ltr'>illo</span> <span class='ocrx_word' id='word_1_225' title='bbox 755 3272 917 3339; x_wconf 79' lang='lat' dir='ltr'>Ciceronis</span> <span class='ocrx_word' id='word_1_226' title='bbox 939 3296 1006 3340; x_wconf 91' lang='lat' dir='ltr'>non</span> <span class='ocrx_word' id='word_1_227' title='bbox 1019 3278 1098 3358; x_wconf 78' lang='lat' dir='ltr'>puto</span> 
     </span>
     <span class='ocr_line' id='line_1_33' title="bbox 145 3361 1099 3446; baseline 0.002 -22"><span class='ocrx_word' id='word_1_228' title='bbox 145 3364 179 3424; x_wconf 79' lang='lat' dir='ltr'>le</span> <span class='ocrx_word' id='word_1_229' title='bbox 203 3361 362 3445; x_wconf 70' lang='lat' dir='ltr'>dubitare,</span> <span class='ocrx_word' id='word_1_230' title='bbox 385 3362 463 3446; x_wconf 91' lang='lat' dir='ltr'>quin</span> <span class='ocrx_word' id='word_1_231' title='bbox 487 3362 647 3428; x_wconf 72' lang='lat' dir='ltr'>sententie</span> <span class='ocrx_word' id='word_1_232' title='bbox 667 3365 725 3426; x_wconf 77' lang='lat' dir='ltr'>tua</span> <span class='ocrx_word' id='word_1_233' title='bbox 746 3383 821 3427; x_wconf 85' lang='lat' dir='ltr'>vera</span> <span class='ocrx_word' id='word_1_234' title='bbox 843 3362 895 3426; x_wconf 66' lang='lat' dir='ltr'>sil·</span> <span class='ocrx_word' id='word_1_235' title='bbox 939 3361 1026 3426; x_wconf 90' lang='lat' dir='ltr'>Nam</span> <span class='ocrx_word' id='word_1_236' title='bbox 1048 3363 1099 3426; x_wconf 85' lang='lat' dir='ltr'>vel</span> 
     </span>
     <span class='ocr_line' id='line_1_34' title="bbox 146 3447 1098 3535; baseline 0.002 -23"><span class='ocrx_word' id='word_1_237' title='bbox 146 3447 180 3512; x_wconf 92' lang='lat' dir='ltr'>id</span> <span class='ocrx_word' id='word_1_238' title='bbox 210 3449 331 3532; x_wconf 88' lang='lat' dir='ltr'>ipsum,</span> <span class='ocrx_word' id='word_1_239' title='bbox 362 3450 447 3534; x_wconf 90' lang='lat' dir='ltr'>quod</span> <span class='ocrx_word' id='word_1_240' title='bbox 479 3449 526 3514; x_wconf 87' lang='lat' dir='ltr'>ais</span> <span class='ocrx_word' id='word_1_241' title='bbox 558 3450 659 3516; x_wconf 79' lang='lat' dir='ltr'>videri</span> <span class='ocrx_word' id='word_1_242' title='bbox 689 3471 784 3534; x_wconf 87' lang='lat' dir='ltr'>posse</span> <span class='ocrx_word' id='word_1_243' title='bbox 817 3450 957 3534; x_wconf 81' lang='lat' dir='ltr'>obstare,</span> <span class='ocrx_word' id='word_1_244' title='bbox 994 3451 1098 3535; x_wconf 80' lang='lat' dir='ltr'>magis</span> 
     </span>
     <span class='ocr_line' id='line_1_35' title="bbox 147 3536 1101 3623; baseline 0.004 -23"><span class='ocrx_word' id='word_1_245' title='bbox 147 3536 346 3619; x_wconf 73' lang='lat' dir='ltr'>chamoam,</span> <span class='ocrx_word' id='word_1_246' title='bbox 369 3537 397 3601; x_wconf 86' lang='lat' dir='ltr'>si</span> <span class='ocrx_word' id='word_1_247' title='bbox 420 3541 565 3603; x_wconf 76' lang='lat' dir='ltr'>accurate</span> <span class='ocrx_word' id='word_1_248' title='bbox 587 3537 748 3622; x_wconf 88' lang='lat' dir='ltr'>inspicias,</span> <span class='ocrx_word' id='word_1_249' title='bbox 771 3539 945 3604; x_wconf 77' lang='lat' dir='ltr'>confirmat.</span> <span class='ocrx_word' id='word_1_250' title='bbox 974 3536 1101 3623; x_wconf 77' lang='lat' dir='ltr'>Siquid</span> 
     </span>
    </p>

    <p class='ocr_par' dir='ltr' id='par_1_9' title="bbox 174 3645 887 3694">
     <span class='ocr_line' id='line_1_36' title="bbox 174 3645 887 3694; baseline 0.006 -4"><span class='ocrx_word' id='word_1_251' title='bbox 174 3651 270 3691; x_wconf 76' lang='lat' dir='ltr'>Meam</span> <span class='ocrx_word' id='word_1_252' title='bbox 282 3658 330 3692; x_wconf 70' lang='lat' dir='ltr'>soa</span> <span class='ocrx_word' id='word_1_253' title='bbox 343 3659 393 3690; x_wconf 72' lang='lat' dir='ltr'>san.</span> <span class='ocrx_word' id='word_1_254' title='bbox 406 3659 431 3691; x_wconf 86' lang='lat' dir='ltr'>n.</span> <span class='ocrx_word' id='word_1_255' title='bbox 869 3645 887 3694; x_wconf 86' lang='lat'>4</span> 
     </span>
    </p>
   </div>
   <div class='ocr_carea' id='block_1_9' title="bbox 0 0 1343 3910">
    <p class='ocr_par' dir='ltr' id='par_1_10' title="bbox 0 0 1343 3910">
     <span class='ocr_line' id='line_1_37' title="bbox 0 0 1343 3910; baseline 0 0"><span class='ocrx_word' id='word_1_256' title='bbox 0 0 1343 3910; x_wconf 95' lang='lat' dir='ltr'> </span> 
     </span>
    </p>
   </div>
  </div>
 </body>
</html>
