2656 3910
242 225 285 288 26
590 221 770 278 EPISTOLA
787 223 847 278 XX.

241 369 376 433 invitus:
399 370 436 432 ut
459 367 500 431 ad
523 366 689 450 credenda,
712 387 794 449 quae
816 364 956 431 iucunda
979 370 1064 450 sunt,
1086 367 1206 433 faciles

242 459 360 522 natura
388 477 499 520 omnes
527 475 646 519 sumus.
690 453 805 538 Itaque
832 454 945 519 iisdem
974 476 1073 519 exeo
1103 476 1205 540 saepe

243 547 278 608 et
309 546 496 608 constanter
532 541 698 607 audiendis
735 542 781 606 sic
812 542 877 606 iam
912 543 1122 627 incalueram,
1153 549 1204 628 ut,

244 631 513 716 quemadmodum
540 631 574 694 in
598 630 812 696 aridissimam
839 630 1108 715 siccissimamque
1131 653 1203 696 ma·

244 720 358 784 teriam
389 720 480 784 nulla
510 721 619 803 potest
648 718 788 783 incidere
820 720 889 782 tam
920 740 1020 802 parva
1050 720 1203 805 scintilla,

243 829 325 892 quae
352 829 420 872 non
447 807 622 871 maximum
650 807 757 872 subito
786 806 971 870 incendium
1000 807 1129 892 excitet,
1151 809 1203 872 ita

243 897 333 960 nulla
359 899 470 981 posset
492 917 512 960 a
538 898 571 959 te
599 895 668 958 dari
695 898 763 959 tam
790 895 908 978 pusilla
934 898 1065 979 tamque
1091 897 1202 960 tenuis

243 984 438 1069 significatio
461 1004 582 1067 eorum,
604 1004 685 1067 quae
708 979 905 1047 deGisberto
929 983 1101 1068 audieram,
1116 1005 1202 1068 quae

243 1094 311 1138 non
334 1073 375 1137 ad
402 1094 454 1136 me
480 1075 586 1136 totum
612 1071 747 1136 mirifico
771 1070 909 1155 quodam
936 1072 986 1135 tui
1013 1093 1121 1137 amore
1150 1073 1201 1136 in·

243 1160 473 1224 dammandum
495 1160 574 1223 satis
587 1159 739 1224 habitura
752 1159 869 1224 virium
883 1159 1052 1224 videretur.
1082 1159 1200 1225 Adhuc

244 1247 325 1312 haec
348 1252 454 1330 erant,
484 1267 557 1310 cum
580 1247 757 1312 afferuntur
780 1269 799 1310 a
820 1250 853 1311 te
877 1247 917 1310 ad
940 1246 1125 1313 Gisbertum
1146 1249 1201 1312 lit-

245 1338 341 1421 terae,
364 1357 433 1400 non
455 1335 560 1400 solum
583 1335 721 1418 scriptae
744 1336 908 1420 eleganter
921 1357 959 1400 ac
980 1337 1090 1421 polite,
1112 1336 1199 1421 quod

245 1423 307 1488 tibi
327 1424 494 1507 proprium
517 1443 555 1487 ao
567 1426 758 1507 perpetuum
782 1427 839 1502 est,
853 1445 964 1488 verum
986 1425 1084 1488 etiam
1107 1425 1200 1490 illum

244 1533 389 1576 amorem
410 1512 446 1576 in
467 1532 532 1595 me,
562 1510 601 1575 de
624 1533 687 1595 quo
711 1515 778 1575 tam
805 1512 909 1576 multa
934 1515 1003 1576 iam
1026 1534 1121 1597 saepe
1144 1535 1200 1578 au·

246 1599 380 1685 dieram,
412 1601 502 1665 omni
529 1620 568 1663 ex
598 1603 689 1683 parte
722 1600 889 1684 spirantes.
935 1599 1018 1676 Quid
1048 1601 1200 1685 quaeris?

245 1689 293 1753 ita
315 1689 432 1772 exarsi,
459 1693 497 1753 ut
518 1687 601 1752 nihil
626 1688 696 1753 fieri
718 1692 829 1772 posset
851 1688 1025 1754 ardentius.
1070 1687 1199 1754 Succes-

245 1781 357 1841 seru'nt
383 1777 496 1860 primis
522 1775 586 1840 illis
614 1776 747 1859 alterae,
773 1776 902 1860 tertiae,
929 1777 1010 1841 aliae
1040 1776 1199 1861 deinceps,

244 1864 357 1928 eadem
385 1885 496 1929 omnes
529 1863 686 1928 suavitate
717 1863 880 1948 pertusae,
909 1864 1024 1928 iisdem
1053 1864 1199 1950 insignes

244 1952 364 2017 amoris
387 1951 483 2016 notis.
518 1949 638 2016 Nonne
659 1951 760 2037 igitur
786 1951 982 2016 inhumanus
1006 1953 1066 2018 sim
1088 1954 1199 2037 plane-

245 2061 306 2124 que
329 2039 462 2122 ferreuS,
484 2039 548 2104 nisi
570 2043 638 2103 tam
662 2043 808 2104 amanter
830 2061 850 2104 a
871 2044 904 2104 te
926 2041 1013 2106 ultro
1037 2042 1199 2125 appetitus

245 2149 284 2193 ac
306 2132 500 2212 provocatus
522 2128 583 2193 tibi
604 2129 640 2192 in
663 2149 772 2193 amore
786 2128 1020 2212 respondeam?
1047 2127 1110 2194 Sed
1132 2150 1198 2193 non
1308 2139 1309 2148 ’

245 2218 458 2301 committam,
490 2219 527 2281 ut
554 2236 592 2281 eo
623 2216 755 2280 nomine
783 2217 926 2280 accusari
952 2217 1088 2300 possim:
1118 2238 1199 2282 sem·

244 2327 363 2390 perque
391 2306 461 2369 sine
489 2304 557 2368 ulla
578 2303 820 2387 retractatione,
848 2305 876 2368 si
903 2303 980 2388 quid
1003 2305 1137 2389 accidet,
1163 2305 1198 2369 in

244 2414 309 2477 quo
333 2393 474 2456 amicitia
495 2411 568 2454 mea
589 2391 650 2455 tibi
673 2396 729 2455 aut
750 2392 823 2456 usui
837 2395 894 2456 aut
916 2395 1107 2458 ornamento
1130 2414 1199 2458 esse

244 2481 362 2565 possit,
384 2500 426 2544 ne
449 2500 513 2563 qua
533 2479 569 2543 in
595 2482 687 2563 parte
713 2480 781 2545 veri
804 2480 899 2544 amici
926 2481 1032 2546 officio
1060 2480 1200 2546 defuisse

244 2568 355 2634 videar
389 2566 622 2632 studiosissime
654 2589 785 2652 operam
812 2568 905 2634 dabo.
951 2567 1044 2644 Quod
1076 2569 1117 2634 ad
1147 2570 1200 2634 lit-

244 2659 331 2721 teras
362 2658 437 2720 tuas
467 2655 591 2720 tardius
617 2656 766 2722 fortassis
796 2659 855 2721 tua
886 2657 1124 2741 exspectatione
1151 2678 1196 2722 re·

246 2744 444 2828 aponderim,
472 2744 566 2826 scito,
593 2765 647 2809 eas
674 2744 756 2809 mihi
782 2744 900 2809 nudius
926 2745 1041 2810 tertius
1067 2745 1200 2810 tandem
1307 2785 1309 2814 l

244 2833 386 2897 redditae
418 2852 497 2896 esse.
548 2830 639 2897 Vale.
671 2831 809 2896 Postrid.
840 2831 924 2897 Non.
956 2833 1124 2898 Decembr.
1161 2855 1200 2898 ex

244 2918 342 2987 Urbe.
364 2937 507 2986 nanrv.

641 3061 800 3072 ——a—

691 3200 761 3265 XX.

541 3319 657 3375 EIDEM
676 3319 907 3376 OARDANETO.

317 3445 402 3512 Volo
433 3447 554 3530 tecum,
580 3445 710 3531 Horati,
739 3447 767 3510 si
793 3409 889 3512 modo
917 3447 958 3511 ab
985 3467 1024 3512 eo
1051 3447 1203 3513 voluntas

247 3537 306 3598 tua
327 3556 395 3598 non
418 3535 582 3618 abhorret,
610 3535 702 3619 quasi
731 3537 945 3599 mercaturam
969 3535 1133 3619 quandam
1155 3537 1204 3600 in·
