2656 3910
246 254 267 318 2
622 253 802 308 EPISTOLA
820 255 840 310 1.

244 402 306 463 tur.
351 398 396 464 Et
418 401 503 464 certe
527 399 554 463 si
581 399 711 462 vascula
739 397 908 484 quaedam,
936 396 1052 482 quibus
1078 397 1127 461 illi
1152 398 1206 464 usi

246 491 346 570 erant,
369 490 402 551 et
425 487 496 570 alia,
519 507 601 571 quae
619 487 654 550 in
669 507 779 551 eorum
802 484 997 569 supellectile
1020 506 1057 549 ac
1078 485 1204 552 frivolis

244 575 382 656 fuerant,
404 573 540 639 mortuis
563 575 655 658 ipsis,
679 573 811 658 cupidos
835 575 972 637 emtores
995 573 1203 640 invenerunt:
1317 651 1318 654 Ἴ

246 661 405 746 quomodo
428 662 591 726 lucernam
613 661 754 745 Epicteti
781 661 868 725 mille
892 660 1066 744 drachmis,
1093 660 1204 727 Protei

246 747 345 815 Stoici
367 750 517 816 baculum
538 750 662 819 talento
685 749 850 814 venditum
873 749 1070 832 accepimus:
1099 751 1203 814 multo

245 839 350 924 magis
383 859 493 902 eorum
521 837 698 922 quamlibet
719 841 831 901 tenues
860 839 893 900 et
922 837 1019 901 exiles
1048 837 1204 921 epistolae

244 926 280 989 in
302 923 408 1010 pretio
430 947 499 990 esse
523 925 648 990 debent.
681 923 744 990 Sed
767 944 827 1010 ego
844 923 924 989 haec
947 924 1058 988 omnia
1078 933 1201 990 mecum

246 1014 389 1099 agitans,
412 1034 559 1078 caussam
581 1017 691 1078 tamen
712 1012 853 1096 reperire
880 1012 1004 1076 nullam
1027 1034 1123 1098 queo,
1145 1035 1201 1078 cur

246 1103 386 1188 aliquem
400 1135 404 1142 ·
418 1102 627 1185 epistolarum
653 1122 798 1168 meamm
829 1099 947 1166 librum
974 1099 1080 1165 videre
1108 1102 1202 1166 multi

244 1190 331 1274 istic,
357 1192 395 1254 ut
422 1189 548 1272 scribis,
580 1189 736 1274 elegantis
763 1188 887 1274 ingenii
913 1188 1060 1254 homines
1088 1210 1202 1254 concu-

245 1277 381 1364 piscant.
426 1275 498 1342 Sive
531 1275 617 1341 enim
648 1275 781 1342 Latinas
812 1276 937 1340 litteras
964 1280 1075 1341 amant
1101 1280 1133 1341 et
1160 1277 1203 1342 ad

246 1366 387 1451 aliquam
414 1363 528 1429 Latine
556 1364 715 1430 scribendi
741 1365 927 1429 facultatem
952 1365 1119 1448 pervenire
1149 1387 1202 1429 cu-

244 1455 352 1539 piunt:
381 1453 590 1538 quisquamne
614 1457 676 1536 est,
699 1452 767 1536 qui,
794 1473 867 1518 cum
896 1453 1006 1518 extent
1028 1450 1202 1538 Ciceronis„

218 1569 223 1575 ·
246 1539 393 1627 Senecae,
405 1540 504 1606 Plinii
519 1540 681 1625 epistolae,
703 1562 770 1605 non
784 1539 888 1606 dicam
911 1561 950 1605 ex
971 1540 1061 1625 meis,
1084 1541 1139 1606 sed
1162 1562 1202 1605 ex

246 1631 443 1716 cujusquam,
467 1629 522 1715 qui
544 1629 595 1694 his
619 1629 706 1694 mille
730 1628 823 1694 annis
845 1627 969 1710 vixerit,
983 1627 1117 1694 Latinae
1139 1629 1201 1693 lin-

245 1739 326 1804 guae
358 1723 415 1784 aut
445 1718 665 1804 integritatem
697 1719 753 1782 aut
784 1717 909 1801 copiam
939 1715 1002 1782 sibi
1028 1716 1202 1801 petendam

244 1807 358 1890 putet?
402 1806 492 1872 Idem
516 1805 614 1870 etiam
637 1804 675 1870 de
698 1805 754 1871 illo
800 1805 991 1890 ualicunque
1014 1805 1202 1872 scribendae
1317 1811 1318 1886 i

245 1895 399 1979 epistolae
432 1892 566 1958 artificio
594 1893 737 1958 dixerim.
778 1827 866 1968 buid
898 1893 983 1958 enim
1011 1896 1067 1957 aut
1093 1891 1201 1960 Plinio
1317 1893 1318 1898 ’

244 1982 387 2048 limatius
415 1986 472 2046 aut
494 1979 614 2048 Seneca
641 1981 769 2067 gravius
796 1983 853 2046 aut
874 1978 1026 2048 Cicerone
1053 1981 1089 2045 in
1112 1981 1202 2047 omni

245 2091 361 2156 genere
388 2069 559 2155 perfectius
588 2069 693 2154 optari
717 2068 847 2154 potest?
893 2067 1104 2135 Gravidarum
1131 2091 1200 2133 mu-

244 2160 359 2226 lierum
381 2158 511 2225 morbus
534 2157 588 2222 ille
610 2158 720 2243 fuerit,
743 2178 837 2242 quae,
864 2157 1019 2242 neglectis
1045 2156 1139 2223 bonis
1163 2179 1201 2224 ac
1316 2201 1317 2210 κ

245 2247 428 2314 salubribus
451 2247 540 2328 cibis,
563 2246 668 2311 cinere
687 2266 721 2310 se
742 2265 977 2330 nonnunquam
1000 2247 1033 2310 et
1054 2245 1201 2311 carboni-

244 2337 305 2404 bus
328 2339 474 2420 pascunt.
502 2332 554 2399 Ne
576 2355 628 2399 res
651 2333 779 2418 quidem
801 2333 890 2417 ipsae
905 2333 1059 2399 adducere
1083 2337 1138 2398 aut
1151 2333 1200 2398 in-

244 2425 346 2488 vitare
369 2443 561 2508 quemquam
582 2425 720 2506 possunt
739 2421 779 2486 ad
802 2421 953 2506 epistolas
976 2443 1064 2486 meas
1087 2421 1201 2504 cupide

244 2511 406 2598 legendas.
437 2509 545 2576 Homo
568 2509 655 2574 enim
676 2509 830 2595 privatus,
853 2509 909 2594 qui
930 2510 976 2574 ita
998 2509 1033 2574 in
1055 2507 1147 2574 libris
1162 2532 1200 2575 ae
1316 2531 1317 2538 ¹

245 2599 362 2664 litteris
389 2599 623 2682 consenuerim,
649 2598 771 2664 nullam
798 2599 836 2662 ut
862 2619 1005 2683 unquam
1037 2598 1201 2682 attigerim

244 2688 379 2773 reipubl.
401 2689 540 2772 partem,
566 2687 689 2751 nullam
715 2705 858 2772 unquam
880 2685 1050 2770 epistolam
1078 2685 1202 2770 scripsi,

244 2775 308 2842 nisi
332 2796 412 2861 quae
436 2773 476 2839 ad
489 2796 562 2839 mea
579 2797 646 2839 non
668 2773 779 2859 magni
800 2773 955 2838 momenti
977 2774 1108 2858 negotia
1128 2795 1201 2856 per-

245 2864 370 2930 tineret.
408 2861 486 2940 Quis
517 2867 624 2928 autem
652 2884 712 2948 ego
740 2883 824 2945 sum,
850 2866 902 2945 ut,
925 2860 1010 2947 quod
1036 2865 1201 2946 postremo

245 2956 316 3020 loco
338 2952 446 3038 posui,
474 2951 663 3017 auctoritate
687 2951 856 3036 quisquam
879 2949 1033 3014 adductus
1056 2971 1127 3014 mea
1148 2971 1202 3016 res

245 3064 333 3108 meas
362 3061 554 3126 cognoscere
577 3039 707 3124 cupiat?
742 3037 838 3106 Mitto
861 3037 938 3122 iam,
962 3037 1047 3123 quod
1071 3060 1143 3103 eum
1165 3038 1203 3102 in

246 3129 373 3213 ceteris,
398 3133 469 3194 tum
491 3129 525 3192 in
547 3128 609 3193 hoc
630 3127 799 3212 praecipue
827 3147 942 3212 genere
964 3126 1011 3190 ita
1032 3126 1203 3210 negligens

248 3239 333 3300 sum,
355 3220 392 3280 ut
414 3215 565 3299 epistolas
588 3237 653 3279 uno
675 3215 798 3299 impetu
824 3215 911 3278 fusas
933 3234 1007 3279 raro
1030 3214 1204 3279 admodum

247 3305 297 3369 bis
319 3305 435 3389 legere,
458 3305 542 3367 certe
566 3302 693 3388 quidem
715 3323 880 3386 nunquam
903 3301 953 3366 bis
976 3301 1122 3385 scribere,
1146 3301 1204 3368 sed

247 3396 285 3456 ut
306 3391 446 3476 primum
459 3391 627 3476 fluxerunt,
649 3390 817 3454 liturarum
836 3410 930 3474 saepe
944 3411 982 3454 ac
1003 3390 1205 3456 macularum

204 3477 208 3509 ¹
248 3480 360 3564 plenas
388 3479 429 3543 ad
455 3479 575 3543 amicos
602 3478 729 3542 mittere
757 3479 885 3544 soleam.
929 3477 1043 3562 Itaque
1065 3478 1206 3544 multum

248 3567 373 3653 negotii
394 3566 494 3633 habui
515 3567 550 3631 in
572 3566 626 3650 iis,
650 3587 729 3651 quas
752 3566 793 3630 ad
815 3569 848 3629 te
869 3586 956 3629 nunc
978 3565 1087 3648 mitto,
1114 3566 1206 3631 colli·
