<?xml version="1.0" encoding="UTF-8"?>
<!DOCTYPE html PUBLIC "-//W3C//DTD XHTML 1.0 Transitional//EN"
    "http://www.w3.org/TR/xhtml1/DTD/xhtml1-transitional.dtd">
<html xmlns="http://www.w3.org/1999/xhtml" xml:lang="en" lang="en">
 <head>
  <title>
</title>
<meta http-equiv="Content-Type" content="text/html;charset=utf-8" />
  <meta name='ocr-system' content='tesseract 3.04.00' />
  <meta name='ocr-capabilities' content='ocr_page ocr_carea ocr_par ocr_line ocrx_word'/>
</head>
<body>
  <div class='ocr_page' id='page_1' title='image "./scriptaselecta01muregoog_0010.png"; bbox 0 0 2656 3910; ppageno 0'>
   <div class='ocr_carea' id='block_1_1' title="bbox 502 235 1087 300">
    <p class='ocr_par' dir='ltr' id='par_1_1' title="bbox 502 235 1087 300">
     <span class='ocr_line' id='line_1_1' title="bbox 502 235 1087 300; baseline 0.017 -10"><span class='ocrx_word' id='word_1_1' title='bbox 502 235 682 292; x_wconf 74' lang='lat' dir='ltr'>EPISTULA</span> <span class='ocrx_word' id='word_1_2' title='bbox 699 235 721 292; x_wconf 92' lang='lat' dir='ltr'>l.</span> <span class='ocrx_word' id='word_1_3' title='bbox 1067 235 1087 300; x_wconf 88' lang='grc'><strong>3</strong></span> 
     </span>
    </p>
   </div>
   <div class='ocr_carea' id='block_1_2' title="bbox 132 379 1088 641">
    <p class='ocr_par' dir='ltr' id='par_1_2' title="bbox 132 379 1088 641">
     <span class='ocr_line' id='line_1_2' title="bbox 132 379 1088 465; baseline 0.001 -22"><span class='ocrx_word' id='word_1_4' title='bbox 132 380 254 464; x_wconf 71' lang='lat' dir='ltr'>pendis.</span> <span class='ocrx_word' id='word_1_5' title='bbox 298 379 385 446; x_wconf 90' lang='lat' dir='ltr'>Nam</span> <span class='ocrx_word' id='word_1_6' title='bbox 408 384 535 465; x_wconf 86' lang='lat' dir='ltr'>praeter</span> <span class='ocrx_word' id='word_1_7' title='bbox 557 401 690 465; x_wconf 87' lang='lat' dir='ltr'>paucas,</span> <span class='ocrx_word' id='word_1_8' title='bbox 713 401 793 465; x_wconf 88' lang='lat' dir='ltr'>quas</span> <span class='ocrx_word' id='word_1_9' title='bbox 820 379 995 444; x_wconf 79' lang='lat' dir='ltr'>familiares</span> <span class='ocrx_word' id='word_1_10' title='bbox 1020 381 1088 465; x_wconf 91' lang='lat' dir='ltr'>qui·</span> 
     </span>
     <span class='ocr_line' id='line_1_3' title="bbox 132 468 1088 553; baseline 0.001 -21"><span class='ocrx_word' id='word_1_11' title='bbox 132 468 207 532; x_wconf 89' lang='lat' dir='ltr'>dam</span> <span class='ocrx_word' id='word_1_12' title='bbox 228 468 293 534; x_wconf 91' lang='lat' dir='ltr'>mei</span> <span class='ocrx_word' id='word_1_13' title='bbox 315 469 559 552; x_wconf 77' lang='lat' dir='ltr'><strong>descripserant,</strong></span> <span class='ocrx_word' id='word_1_14' title='bbox 582 471 704 534; x_wconf 90' lang='lat' dir='ltr'>ceterae</span> <span class='ocrx_word' id='word_1_15' title='bbox 719 470 759 533; x_wconf 90' lang='lat' dir='ltr'>ab</span> <span class='ocrx_word' id='word_1_16' title='bbox 778 469 818 533; x_wconf 93' lang='lat' dir='ltr'>iis</span> <span class='ocrx_word' id='word_1_17' title='bbox 841 469 930 553; x_wconf 87' lang='lat' dir='ltr'>ipsis,</span> <span class='ocrx_word' id='word_1_18' title='bbox 953 468 994 532; x_wconf 89' lang='lat' dir='ltr'>ad</span> <span class='ocrx_word' id='word_1_19' title='bbox 1008 489 1088 552; x_wconf 89' lang='lat' dir='ltr'>quos</span> 
     </span>
     <span class='ocr_line' id='line_1_4' title="bbox 132 556 1088 641; baseline -0.001 -19"><span class='ocrx_word' id='word_1_20' title='bbox 132 556 248 622; x_wconf 86' lang='lat' dir='ltr'>missae</span> <span class='ocrx_word' id='word_1_21' title='bbox 271 560 373 641; x_wconf 85' lang='lat' dir='ltr'>erant,</span> <span class='ocrx_word' id='word_1_22' title='bbox 395 560 452 622; x_wconf 89' lang='lat' dir='ltr'>aut</span> <span class='ocrx_word' id='word_1_23' title='bbox 470 558 511 622; x_wconf 87' lang='lat' dir='ltr'>ab</span> <span class='ocrx_word' id='word_1_24' title='bbox 535 557 585 640; x_wconf 92' lang='lat' dir='ltr'>iis,</span> <span class='ocrx_word' id='word_1_25' title='bbox 607 557 793 641; x_wconf 89' lang='lat' dir='ltr'>inquorum</span> <span class='ocrx_word' id='word_1_26' title='bbox 814 577 929 622; x_wconf 91' lang='lat' dir='ltr'>manus</span> <span class='ocrx_word' id='word_1_27' title='bbox 952 556 1088 622; x_wconf 87' lang='lat' dir='ltr'>mortuis</span> 
     </span>
    </p>
   </div>
   <div class='ocr_carea' id='block_1_3' title="bbox 3 637 1089 731">
    <p class='ocr_par' dir='ltr' id='par_1_3' title="bbox 3 637 1089 731">
     <span class='ocr_line' id='line_1_5' title="bbox 3 637 1089 731; baseline -0.001 -21"><span class='ocrx_word' id='word_1_28' title='bbox 3 637 22 668; x_wconf 76' lang='grc'>“’</span> <span class='ocrx_word' id='word_1_29' title='bbox 132 644 211 728; x_wconf 88' lang='lat' dir='ltr'>ipsis</span> <span class='ocrx_word' id='word_1_30' title='bbox 246 649 472 730; x_wconf 88' lang='lat' dir='ltr'>pervenerant,</span> <span class='ocrx_word' id='word_1_31' title='bbox 508 645 725 729; x_wconf 70' lang='lat' dir='ltr'>corrogandae</span> <span class='ocrx_word' id='word_1_32' title='bbox 758 645 913 731; x_wconf 75' lang='lat' dir='ltr'><strong>quasique</strong></span> <span class='ocrx_word' id='word_1_33' title='bbox 945 644 1089 710; x_wconf 73' lang='lat' dir='ltr'>ostiatim</span> 
     </span>
    </p>
   </div>
   <div class='ocr_carea' id='block_1_4' title="bbox 130 732 1090 1345">
    <p class='ocr_par' dir='ltr' id='par_1_4' title="bbox 130 732 1090 1345">
     <span class='ocr_line' id='line_1_6' title="bbox 132 732 1090 817; baseline 0 -21"><span class='ocrx_word' id='word_1_34' title='bbox 132 732 366 817; x_wconf 81' lang='lat' dir='ltr'>conquirendae</span> <span class='ocrx_word' id='word_1_35' title='bbox 397 733 536 798; x_wconf 85' lang='lat' dir='ltr'>fuerunt.</span> <span class='ocrx_word' id='word_1_36' title='bbox 582 732 669 812; x_wconf 80' lang='lat' dir='ltr'>Quas</span> <span class='ocrx_word' id='word_1_37' title='bbox 699 755 768 798; x_wconf 94' lang='lat' dir='ltr'>non</span> <span class='ocrx_word' id='word_1_38' title='bbox 794 734 861 798; x_wconf 90' lang='lat' dir='ltr'>ullo</span> <span class='ocrx_word' id='word_1_39' title='bbox 890 732 1001 798; x_wconf 90' lang='lat' dir='ltr'>ordine</span> <span class='ocrx_word' id='word_1_40' title='bbox 1032 735 1090 797; x_wconf 89' lang='lat' dir='ltr'>aut</span> 
     </span>
     <span class='ocr_line' id='line_1_7' title="bbox 131 819 1090 907; baseline 0.004 -24"><span class='ocrx_word' id='word_1_41' title='bbox 131 841 342 902; x_wconf 88' lang='lat' dir='ltr'>personarum</span> <span class='ocrx_word' id='word_1_42' title='bbox 369 825 425 887; x_wconf 89' lang='lat' dir='ltr'>aut</span> <span class='ocrx_word' id='word_1_43' title='bbox 450 825 646 907; x_wconf 85' lang='lat' dir='ltr'>temporum,</span> <span class='ocrx_word' id='word_1_44' title='bbox 674 819 903 906; x_wconf 89' lang='lat' dir='ltr'>(nequeenim</span> <span class='ocrx_word' id='word_1_45' title='bbox 931 843 982 887; x_wconf 89' lang='lat' dir='ltr'>res</span> <span class='ocrx_word' id='word_1_46' title='bbox 1005 821 1090 887; x_wconf 88' lang='lat' dir='ltr'>tanti</span> 
     </span>
     <span class='ocr_line' id='line_1_8' title="bbox 131 907 1089 996; baseline 0.002 -24"><span class='ocrx_word' id='word_1_47' title='bbox 131 907 322 994; x_wconf 87' lang='lat' dir='ltr'>videbatur,)</span> <span class='ocrx_word' id='word_1_48' title='bbox 345 910 402 974; x_wconf 90' lang='lat' dir='ltr'>sed</span> <span class='ocrx_word' id='word_1_49' title='bbox 429 914 467 975; x_wconf 87' lang='lat' dir='ltr'>ut</span> <span class='ocrx_word' id='word_1_50' title='bbox 489 928 633 996; x_wconf 88' lang='lat' dir='ltr'>quaeque</span> <span class='ocrx_word' id='word_1_51' title='bbox 661 911 761 974; x_wconf 88' lang='lat' dir='ltr'>allata</span> <span class='ocrx_word' id='word_1_52' title='bbox 782 912 864 993; x_wconf 90' lang='lat' dir='ltr'>erat,</span> <span class='ocrx_word' id='word_1_53' title='bbox 892 913 1020 974; x_wconf 89' lang='lat' dir='ltr'>etcum</span> <span class='ocrx_word' id='word_1_54' title='bbox 1043 909 1089 974; x_wconf 91' lang='lat' dir='ltr'>eis</span> 
     </span>
     <span class='ocr_line' id='line_1_9' title="bbox 130 997 1089 1064; baseline 0 -4"><span class='ocrx_word' id='word_1_55' title='bbox 130 997 304 1061; x_wconf 90' lang='lat' dir='ltr'>nonnullas</span> <span class='ocrx_word' id='word_1_56' title='bbox 337 998 378 1062; x_wconf 88' lang='lat' dir='ltr'>ad</span> <span class='ocrx_word' id='word_1_57' title='bbox 409 1019 460 1064; x_wconf 90' lang='lat' dir='ltr'>me</span> <span class='ocrx_word' id='word_1_58' title='bbox 493 1019 513 1063; x_wconf 92' lang='lat' dir='ltr'>a</span> <span class='ocrx_word' id='word_1_59' title='bbox 543 999 620 1062; x_wconf 89' lang='lat' dir='ltr'>viris</span> <span class='ocrx_word' id='word_1_60' title='bbox 652 998 800 1063; x_wconf 88' lang='lat' dir='ltr'>doctrina</span> <span class='ocrx_word' id='word_1_61' title='bbox 831 1001 864 1061; x_wconf 91' lang='lat' dir='ltr'>et</span> <span class='ocrx_word' id='word_1_62' title='bbox 900 997 1089 1061; x_wconf 88' lang='lat' dir='ltr'>auctoritate</span> 
     </span>
     <span class='ocr_line' id='line_1_10' title="bbox 131 1084 1089 1169; baseline 0 -21"><span class='ocrx_word' id='word_1_63' title='bbox 131 1084 372 1168; x_wconf 85' lang='lat' dir='ltr'>praestantibus</span> <span class='ocrx_word' id='word_1_64' title='bbox 399 1085 596 1169; x_wconf 88' lang='lat' dir='ltr'>scriptasin</span> <span class='ocrx_word' id='word_1_65' title='bbox 618 1107 719 1149; x_wconf 91' lang='lat' dir='ltr'>unum</span> <span class='ocrx_word' id='word_1_66' title='bbox 745 1086 896 1150; x_wconf 90' lang='lat' dir='ltr'>volumen</span> <span class='ocrx_word' id='word_1_67' title='bbox 918 1105 1089 1169; x_wconf 85' lang='lat' dir='ltr'>congeren-</span> 
     </span>
     <span class='ocr_line' id='line_1_11' title="bbox 132 1171 1090 1257; baseline 0 -21"><span class='ocrx_word' id='word_1_68' title='bbox 132 1171 190 1236; x_wconf 86' lang='lat' dir='ltr'>das</span> <span class='ocrx_word' id='word_1_69' title='bbox 223 1172 343 1255; x_wconf 89' lang='lat' dir='ltr'>curavi,</span> <span class='ocrx_word' id='word_1_70' title='bbox 370 1175 408 1238; x_wconf 91' lang='lat' dir='ltr'>ut</span> <span class='ocrx_word' id='word_1_71' title='bbox 437 1175 512 1238; x_wconf 90' lang='lat' dir='ltr'>tuae</span> <span class='ocrx_word' id='word_1_72' title='bbox 543 1174 594 1237; x_wconf 89' lang='lat' dir='ltr'>vel</span> <span class='ocrx_word' id='word_1_73' title='bbox 624 1173 784 1238; x_wconf 87' lang='lat' dir='ltr'>voluntati</span> <span class='ocrx_word' id='word_1_74' title='bbox 816 1173 1008 1257; x_wconf 87' lang='lat' dir='ltr'>obsequerer</span> <span class='ocrx_word' id='word_1_75' title='bbox 1039 1173 1090 1238; x_wconf 87' lang='lat' dir='ltr'>vel</span> 
     </span>
     <span class='ocr_line' id='line_1_12' title="bbox 133 1260 1088 1345; baseline 0.001 -21"><span class='ocrx_word' id='word_1_76' title='bbox 133 1261 317 1326; x_wconf 73' lang='lat' dir='ltr'>auctoritati</span> <span class='ocrx_word' id='word_1_77' title='bbox 349 1261 612 1345; x_wconf 84' lang='lat' dir='ltr'>obtemperarem.</span> <span class='ocrx_word' id='word_1_78' title='bbox 652 1261 793 1326; x_wconf 83' lang='lat' dir='ltr'>Tantum</span> <span class='ocrx_word' id='word_1_79' title='bbox 824 1261 911 1326; x_wconf 89' lang='lat' dir='ltr'>enim</span> <span class='ocrx_word' id='word_1_80' title='bbox 947 1265 980 1325; x_wconf 94' lang='lat' dir='ltr'>et</span> <span class='ocrx_word' id='word_1_81' title='bbox 1011 1260 1088 1325; x_wconf 89' lang='lat' dir='ltr'>ami-</span> 
     </span>
    </p>
   </div>
   <div class='ocr_carea' id='block_1_5' title="bbox 8 1347 1089 1435">
    <p class='ocr_par' dir='ltr' id='par_1_5' title="bbox 8 1347 1089 1435">
     <span class='ocr_line' id='line_1_13' title="bbox 8 1347 1089 1435; baseline 0.002 -24"><span class='ocrx_word' id='word_1_82' title='bbox 8 1350 11 1359; x_wconf 90' lang='lat'>&#39;</span> <span class='ocrx_word' id='word_1_83' title='bbox 133 1347 227 1412; x_wconf 88' lang='lat' dir='ltr'>citiae</span> <span class='ocrx_word' id='word_1_84' title='bbox 255 1351 385 1414; x_wconf 85' lang='lat' dir='ltr'>nostrae</span> <span class='ocrx_word' id='word_1_85' title='bbox 408 1353 441 1414; x_wconf 91' lang='lat' dir='ltr'>et</span> <span class='ocrx_word' id='word_1_86' title='bbox 471 1350 660 1435; x_wconf 86' lang='lat' dir='ltr'>prudentiae</span> <span class='ocrx_word' id='word_1_87' title='bbox 683 1352 757 1415; x_wconf 90' lang='lat' dir='ltr'>tuae</span> <span class='ocrx_word' id='word_1_88' title='bbox 780 1350 816 1414; x_wconf 92' lang='lat' dir='ltr'>in</span> <span class='ocrx_word' id='word_1_89' title='bbox 842 1349 991 1414; x_wconf 87' lang='lat' dir='ltr'>maximis</span> <span class='ocrx_word' id='word_1_90' title='bbox 1020 1371 1089 1413; x_wconf 91' lang='lat' dir='ltr'>mu·</span> 
     </span>
    </p>
   </div>
   <div class='ocr_carea' id='block_1_6' title="bbox 90 1437 1091 3704">
    <p class='ocr_par' dir='ltr' id='par_1_6' title="bbox 90 1437 1091 3704">
     <span class='ocr_line' id='line_1_14' title="bbox 131 1437 1089 1522; baseline 0.001 -22"><span class='ocrx_word' id='word_1_91' title='bbox 131 1437 263 1502; x_wconf 88' lang='lat' dir='ltr'>neribus</span> <span class='ocrx_word' id='word_1_92' title='bbox 298 1437 436 1522; x_wconf 77' lang='lat' dir='ltr'>publicis</span> <span class='ocrx_word' id='word_1_93' title='bbox 468 1438 624 1505; x_wconf 90' lang='lat' dir='ltr'>obeundis</span> <span class='ocrx_word' id='word_1_94' title='bbox 664 1439 729 1503; x_wconf 89' lang='lat' dir='ltr'>iam</span> <span class='ocrx_word' id='word_1_95' title='bbox 765 1438 890 1522; x_wconf 89' lang='lat' dir='ltr'>pridem</span> <span class='ocrx_word' id='word_1_96' title='bbox 926 1440 1089 1521; x_wconf 88' lang='lat' dir='ltr'>spectatae</span> 
     </span>
     <span class='ocr_line' id='line_1_15' title="bbox 132 1523 1091 1612; baseline 0.001 -24"><span class='ocrx_word' id='word_1_97' title='bbox 132 1523 253 1609; x_wconf 87' lang='lat' dir='ltr'>tribuo,</span> <span class='ocrx_word' id='word_1_98' title='bbox 280 1529 318 1590; x_wconf 91' lang='grc'>11</span> <span class='ocrx_word' id='word_1_99' title='bbox 342 1525 432 1590; x_wconf 90' lang='lat' dir='ltr'>nulla</span> <span class='ocrx_word' id='word_1_100' title='bbox 453 1525 489 1612; x_wconf 89' lang='lat' dir='ltr'>in</span> <span class='ocrx_word' id='word_1_101' title='bbox 510 1549 545 1592; x_wconf 90' lang='lat' dir='ltr'>re</span> <span class='ocrx_word' id='word_1_102' title='bbox 572 1527 634 1592; x_wconf 82' lang='lat' dir='ltr'>tibi</span> <span class='ocrx_word' id='word_1_103' title='bbox 662 1532 719 1591; x_wconf 89' lang='lat' dir='ltr'>aut</span> <span class='ocrx_word' id='word_1_104' title='bbox 739 1527 861 1591; x_wconf 84' lang='lat' dir='ltr'>volenti</span> <span class='ocrx_word' id='word_1_105' title='bbox 886 1545 1006 1610; x_wconf 86' lang='lat' dir='ltr'>negare</span> <span class='ocrx_word' id='word_1_106' title='bbox 1034 1529 1091 1589; x_wconf 89' lang='lat' dir='ltr'>aut</span> 
     </span>
     <span class='ocr_line' id='line_1_16' title="bbox 134 1612 1089 1700; baseline 0 -23"><span class='ocrx_word' id='word_1_107' title='bbox 134 1613 281 1679; x_wconf 86' lang='lat' dir='ltr'>suadenti</span> <span class='ocrx_word' id='word_1_108' title='bbox 304 1613 467 1680; x_wconf 82' lang='lat' dir='ltr'>adversari</span> <span class='ocrx_word' id='word_1_109' title='bbox 479 1615 530 1680; x_wconf 85' lang='lat' dir='ltr'>fas</span> <span class='ocrx_word' id='word_1_110' title='bbox 551 1619 671 1700; x_wconf 89' lang='lat' dir='ltr'>putem.</span> <span class='ocrx_word' id='word_1_111' title='bbox 699 1612 804 1689; x_wconf 80' lang='lat' dir='ltr'>Quare</span> <span class='ocrx_word' id='word_1_112' title='bbox 828 1613 904 1698; x_wconf 92' lang='lat' dir='ltr'>quid</span> <span class='ocrx_word' id='word_1_113' title='bbox 927 1636 947 1678; x_wconf 90' lang='lat' dir='ltr'>a</span> <span class='ocrx_word' id='word_1_114' title='bbox 968 1634 1020 1677; x_wconf 90' lang='lat' dir='ltr'>me</span> <span class='ocrx_word' id='word_1_115' title='bbox 1033 1635 1089 1697; x_wconf 93' lang='lat' dir='ltr'>po-</span> 
     </span>
     <span class='ocr_line' id='line_1_17' title="bbox 133 1699 1090 1787; baseline -0.001 -23"><span class='ocrx_word' id='word_1_116' title='bbox 133 1702 242 1786; x_wconf 88' lang='lat' dir='ltr'>stules,</span> <span class='ocrx_word' id='word_1_117' title='bbox 265 1706 323 1766; x_wconf 89' lang='lat' dir='ltr'>aut</span> <span class='ocrx_word' id='word_1_118' title='bbox 336 1700 413 1787; x_wconf 92' lang='lat' dir='ltr'>quid</span> <span class='ocrx_word' id='word_1_119' title='bbox 435 1723 486 1766; x_wconf 92' lang='lat' dir='ltr'>me</span> <span class='ocrx_word' id='word_1_120' title='bbox 500 1703 603 1767; x_wconf 88' lang='lat' dir='ltr'>facere</span> <span class='ocrx_word' id='word_1_121' title='bbox 622 1703 744 1783; x_wconf 89' lang='lat' dir='ltr'>iubeas,</span> <span class='ocrx_word' id='word_1_122' title='bbox 757 1700 827 1785; x_wconf 91' lang='lat' dir='ltr'>ipse</span> <span class='ocrx_word' id='word_1_123' title='bbox 840 1699 972 1765; x_wconf 91' lang='lat' dir='ltr'>videris:</span> <span class='ocrx_word' id='word_1_124' title='bbox 996 1703 1090 1784; x_wconf 90' lang='lat' dir='ltr'>certe,</span> 
     </span>
     <span class='ocr_line' id='line_1_18' title="bbox 134 1788 1090 1876; baseline -0.001 -24"><span class='ocrx_word' id='word_1_125' title='bbox 134 1789 288 1874; x_wconf 90' lang='lat' dir='ltr'>quidquid</span> <span class='ocrx_word' id='word_1_126' title='bbox 320 1790 546 1875; x_wconf 81' lang='lat' dir='ltr'>postulaveris,</span> <span class='ocrx_word' id='word_1_127' title='bbox 579 1789 665 1876; x_wconf 90' lang='lat' dir='ltr'>quod</span> <span class='ocrx_word' id='word_1_128' title='bbox 692 1789 821 1876; x_wconf 90' lang='lat' dir='ltr'>quidem</span> <span class='ocrx_word' id='word_1_129' title='bbox 847 1789 883 1852; x_wconf 91' lang='lat' dir='ltr'>in</span> <span class='ocrx_word' id='word_1_130' title='bbox 913 1809 964 1852; x_wconf 91' lang='lat' dir='ltr'>me</span> <span class='ocrx_word' id='word_1_131' title='bbox 993 1788 1090 1852; x_wconf 87' lang='lat' dir='ltr'>situm</span> 
     </span>
     <span class='ocr_line' id='line_1_19' title="bbox 134 1875 1090 1963; baseline 0.004 -25"><span class='ocrx_word' id='word_1_132' title='bbox 134 1877 186 1958; x_wconf 91' lang='lat' dir='ltr'>sit,</span> <span class='ocrx_word' id='word_1_133' title='bbox 209 1879 421 1961; x_wconf 87' lang='lat' dir='ltr'>consequeris.</span> <span class='ocrx_word' id='word_1_134' title='bbox 448 1875 520 1943; x_wconf 92' lang='lat' dir='ltr'>Hoc</span> <span class='ocrx_word' id='word_1_135' title='bbox 543 1883 651 1943; x_wconf 90' lang='lat' dir='ltr'>autem</span> <span class='ocrx_word' id='word_1_136' title='bbox 674 1877 823 1963; x_wconf 88' lang='lat' dir='ltr'>aequiore</span> <span class='ocrx_word' id='word_1_137' title='bbox 844 1876 952 1942; x_wconf 92' lang='lat' dir='ltr'>animo</span> <span class='ocrx_word' id='word_1_138' title='bbox 974 1899 1090 1960; x_wconf 89' lang='lat' dir='ltr'>passus</span> 
     </span>
     <span class='ocr_line' id='line_1_20' title="bbox 135 1963 1090 2050; baseline 0.004 -25"><span class='ocrx_word' id='word_1_139' title='bbox 135 1983 207 2025; x_wconf 90' lang='lat' dir='ltr'>sum</span> <span class='ocrx_word' id='word_1_140' title='bbox 234 1967 342 2028; x_wconf 79' lang='lat' dir='ltr'>extare</span> <span class='ocrx_word' id='word_1_141' title='bbox 364 1963 489 2048; x_wconf 87' lang='lat' dir='ltr'>aliquas</span> <span class='ocrx_word' id='word_1_142' title='bbox 516 1966 669 2050; x_wconf 90' lang='lat' dir='ltr'>epistolas</span> <span class='ocrx_word' id='word_1_143' title='bbox 699 1987 801 2049; x_wconf 89' lang='lat' dir='ltr'>meas,</span> <span class='ocrx_word' id='word_1_144' title='bbox 824 1964 909 2050; x_wconf 90' lang='lat' dir='ltr'>quod</span> <span class='ocrx_word' id='word_1_145' title='bbox 933 1964 1090 2050; x_wconf 85' lang='lat' dir='ltr'>quaedam</span> 
     </span>
     <span class='ocr_line' id='line_1_21' title="bbox 134 2047 1090 2138; baseline 0.003 -25"><span class='ocrx_word' id='word_1_146' title='bbox 134 2050 245 2115; x_wconf 87' lang='lat' dir='ltr'>multis</span> <span class='ocrx_word' id='word_1_147' title='bbox 272 2050 338 2115; x_wconf 91' lang='lat' dir='ltr'>iam</span> <span class='ocrx_word' id='word_1_148' title='bbox 366 2050 485 2115; x_wconf 89' lang='lat' dir='ltr'>abhinc</span> <span class='ocrx_word' id='word_1_149' title='bbox 507 2053 600 2116; x_wconf 92' lang='lat' dir='ltr'>annis</span> <span class='ocrx_word' id='word_1_150' title='bbox 624 2053 727 2116; x_wconf 88' lang='lat' dir='ltr'>editae</span> <span class='ocrx_word' id='word_1_151' title='bbox 755 2057 831 2117; x_wconf 91' lang='lat' dir='ltr'>sunt</span> <span class='ocrx_word' id='word_1_152' title='bbox 851 2047 911 2138; x_wconf 82' lang='lat' dir='ltr'>pro</span> <span class='ocrx_word' id='word_1_153' title='bbox 934 2053 1028 2137; x_wconf 89' lang='lat' dir='ltr'>meis,</span> <span class='ocrx_word' id='word_1_154' title='bbox 1051 2054 1090 2117; x_wconf 92' lang='lat' dir='ltr'>de</span> 
     </span>
     <span class='ocr_line' id='line_1_22' title="bbox 135 2137 1089 2225; baseline 0.002 -23"><span class='ocrx_word' id='word_1_155' title='bbox 135 2137 251 2222; x_wconf 90' lang='lat' dir='ltr'>quibus</span> <span class='ocrx_word' id='word_1_156' title='bbox 275 2138 451 2203; x_wconf 88' lang='lat' dir='ltr'>scribendis</span> <span class='ocrx_word' id='word_1_157' title='bbox 475 2159 535 2225; x_wconf 81' lang='lat' dir='ltr'>ego</span> <span class='ocrx_word' id='word_1_158' title='bbox 557 2160 598 2203; x_wconf 93' lang='lat' dir='ltr'>ne</span> <span class='ocrx_word' id='word_1_159' title='bbox 620 2161 679 2223; x_wconf 93' lang='lat' dir='ltr'>per</span> <span class='ocrx_word' id='word_1_160' title='bbox 699 2141 859 2204; x_wconf 89' lang='lat' dir='ltr'>somnium</span> <span class='ocrx_word' id='word_1_161' title='bbox 882 2141 1009 2225; x_wconf 91' lang='lat' dir='ltr'>quidem</span> <span class='ocrx_word' id='word_1_162' title='bbox 1032 2163 1089 2204; x_wconf 91' lang='lat' dir='ltr'>un-</span> 
     </span>
     <span class='ocr_line' id='line_1_23' title="bbox 135 2224 1090 2313; baseline 0.001 -23"><span class='ocrx_word' id='word_1_163' title='bbox 135 2247 231 2311; x_wconf 89' lang='lat' dir='ltr'>quam</span> <span class='ocrx_word' id='word_1_164' title='bbox 254 2227 402 2312; x_wconf 83' lang='lat' dir='ltr'>cogitavi.</span> <span class='ocrx_word' id='word_1_165' title='bbox 430 2224 637 2293; x_wconf 77' lang='lat' dir='ltr'>Confinxerat</span> <span class='ocrx_word' id='word_1_166' title='bbox 649 2249 704 2292; x_wconf 91' lang='grc'>111</span> <span class='ocrx_word' id='word_1_167' title='bbox 717 2227 745 2292; x_wconf 89' lang='lat' dir='ltr'>is</span> <span class='ocrx_word' id='word_1_168' title='bbox 764 2227 842 2312; x_wconf 90' lang='lat' dir='ltr'>ipse,</span> <span class='ocrx_word' id='word_1_169' title='bbox 865 2229 921 2313; x_wconf 92' lang='lat' dir='ltr'>qui</span> <span class='ocrx_word' id='word_1_170' title='bbox 933 2231 1090 2312; x_wconf 87' lang='lat' dir='ltr'>tanquam</span> 
     </span>
     <span class='ocr_line' id='line_1_24' title="bbox 134 2315 1090 2402; baseline 0.001 -23"><span class='ocrx_word' id='word_1_171' title='bbox 134 2336 154 2380; x_wconf 90' lang='lat' dir='ltr'>a</span> <span class='ocrx_word' id='word_1_172' title='bbox 175 2336 226 2379; x_wconf 91' lang='lat' dir='ltr'>me</span> <span class='ocrx_word' id='word_1_173' title='bbox 249 2315 291 2380; x_wconf 89' lang='lat' dir='ltr'>ad</span> <span class='ocrx_word' id='word_1_174' title='bbox 310 2337 343 2381; x_wconf 93' lang='lat' dir='ltr'>se</span> <span class='ocrx_word' id='word_1_175' title='bbox 362 2315 477 2381; x_wconf 89' lang='lat' dir='ltr'>missas</span> <span class='ocrx_word' id='word_1_176' title='bbox 501 2316 729 2402; x_wconf 81' lang='lat' dir='ltr'>divulgaverat,</span> <span class='ocrx_word' id='word_1_177' title='bbox 751 2316 848 2381; x_wconf 92' lang='lat' dir='ltr'>homo</span> <span class='ocrx_word' id='word_1_178' title='bbox 871 2315 1014 2380; x_wconf 90' lang='lat' dir='ltr'>eruditus</span> <span class='ocrx_word' id='word_1_179' title='bbox 1036 2316 1090 2380; x_wconf 93' lang='lat' dir='ltr'>ille</span> 
     </span>
     <span class='ocr_line' id='line_1_25' title="bbox 134 2402 1090 2490; baseline 0.003 -23"><span class='ocrx_word' id='word_1_180' title='bbox 134 2402 275 2489; x_wconf 90' lang='lat' dir='ltr'>quidem,</span> <span class='ocrx_word' id='word_1_181' title='bbox 302 2403 359 2469; x_wconf 90' lang='lat' dir='ltr'>sed</span> <span class='ocrx_word' id='word_1_182' title='bbox 384 2405 551 2490; x_wconf 87' lang='lat' dir='ltr'>improbus</span> <span class='ocrx_word' id='word_1_183' title='bbox 578 2407 611 2470; x_wconf 87' lang='lat' dir='ltr'>et</span> <span class='ocrx_word' id='word_1_184' title='bbox 635 2408 753 2470; x_wconf 89' lang='lat' dir='ltr'>natura</span> <span class='ocrx_word' id='word_1_185' title='bbox 778 2404 916 2471; x_wconf 91' lang='lat' dir='ltr'>nocendi</span> <span class='ocrx_word' id='word_1_186' title='bbox 943 2426 981 2469; x_wconf 90' lang='lat' dir='ltr'>ac</span> <span class='ocrx_word' id='word_1_187' title='bbox 1007 2405 1090 2470; x_wconf 87' lang='lat' dir='ltr'>male</span> 
     </span>
     <span class='ocr_line' id='line_1_26' title="bbox 132 2491 1091 2578; baseline 0.003 -23"><span class='ocrx_word' id='word_1_188' title='bbox 132 2491 271 2557; x_wconf 88' lang='lat' dir='ltr'>faciendi</span> <span class='ocrx_word' id='word_1_189' title='bbox 298 2492 447 2577; x_wconf 87' lang='lat' dir='ltr'>cupidus:</span> <span class='ocrx_word' id='word_1_190' title='bbox 475 2514 548 2557; x_wconf 91' lang='lat' dir='ltr'>cum</span> <span class='ocrx_word' id='word_1_191' title='bbox 574 2493 713 2576; x_wconf 84' lang='lat' dir='ltr'>plurima</span> <span class='ocrx_word' id='word_1_192' title='bbox 740 2495 774 2558; x_wconf 93' lang='lat' dir='ltr'>et</span> <span class='ocrx_word' id='word_1_193' title='bbox 803 2494 945 2558; x_wconf 82' lang='lat' dir='ltr'>maxima</span> <span class='ocrx_word' id='word_1_194' title='bbox 977 2493 1091 2578; x_wconf 89' lang='lat' dir='ltr'>officia,</span> 
     </span>
     <span class='ocr_line' id='line_1_27' title="bbox 133 2580 1089 2666; baseline 0.004 -23"><span class='ocrx_word' id='word_1_195' title='bbox 133 2580 251 2665; x_wconf 88' lang='lat' dir='ltr'>quibus</span> <span class='ocrx_word' id='word_1_196' title='bbox 274 2601 294 2645; x_wconf 92' lang='lat' dir='ltr'>a</span> <span class='ocrx_word' id='word_1_197' title='bbox 315 2601 366 2645; x_wconf 90' lang='lat' dir='ltr'>me</span> <span class='ocrx_word' id='word_1_198' title='bbox 390 2581 522 2646; x_wconf 86' lang='lat' dir='ltr'>affectus</span> <span class='ocrx_word' id='word_1_199' title='bbox 544 2585 623 2665; x_wconf 88' lang='lat' dir='ltr'>erat,</span> <span class='ocrx_word' id='word_1_200' title='bbox 646 2582 779 2646; x_wconf 89' lang='lat' dir='ltr'>summis</span> <span class='ocrx_word' id='word_1_201' title='bbox 792 2582 918 2646; x_wconf 88' lang='lat' dir='ltr'>iniuriis</span> <span class='ocrx_word' id='word_1_202' title='bbox 942 2603 1089 2666; x_wconf 91' lang='lat' dir='ltr'>compen·</span> 
     </span>
     <span class='ocr_line' id='line_1_28' title="bbox 133 2665 1090 2756; baseline 0.002 -24"><span class='ocrx_word' id='word_1_203' title='bbox 133 2689 204 2733; x_wconf 90' lang='lat' dir='ltr'>sare</span> <span class='ocrx_word' id='word_1_204' title='bbox 218 2669 322 2733; x_wconf 90' lang='lat' dir='ltr'>vellet.</span> <span class='ocrx_word' id='word_1_205' title='bbox 354 2665 426 2744; x_wconf 85' lang='lat' dir='ltr'>Qua</span> <span class='ocrx_word' id='word_1_206' title='bbox 447 2669 485 2733; x_wconf 92' lang='lat' dir='ltr'>de</span> <span class='ocrx_word' id='word_1_207' title='bbox 507 2691 542 2733; x_wconf 88' lang='lat' dir='ltr'>re</span> <span class='ocrx_word' id='word_1_208' title='bbox 566 2669 643 2734; x_wconf 92' lang='lat' dir='ltr'>olim</span> <span class='ocrx_word' id='word_1_209' title='bbox 666 2691 755 2734; x_wconf 89' lang='lat' dir='ltr'>ame</span> <span class='ocrx_word' id='word_1_210' title='bbox 778 2670 919 2756; x_wconf 82' lang='lat' dir='ltr'>graviter</span> <span class='ocrx_word' id='word_1_211' title='bbox 942 2670 1090 2756; x_wconf 84' lang='lat' dir='ltr'>obiurga-</span> 
     </span>
     <span class='ocr_line' id='line_1_29' title="bbox 90 2757 1089 2843; baseline 0.002 -23"><span class='ocrx_word' id='word_1_212' title='bbox 90 2823 93 2831; x_wconf 32' lang='lat'>,</span> <span class='ocrx_word' id='word_1_213' title='bbox 132 2758 186 2821; x_wconf 88' lang='lat' dir='ltr'>tus</span> <span class='ocrx_word' id='word_1_214' title='bbox 208 2757 319 2822; x_wconf 89' lang='lat' dir='ltr'>multis</span> <span class='ocrx_word' id='word_1_215' title='bbox 339 2778 412 2822; x_wconf 90' lang='lat' dir='ltr'>cum</span> <span class='ocrx_word' id='word_1_216' title='bbox 425 2757 574 2842; x_wconf 84' lang='lat' dir='ltr'>lacrymis</span> <span class='ocrx_word' id='word_1_217' title='bbox 598 2779 686 2823; x_wconf 91' lang='lat' dir='ltr'>ame</span> <span class='ocrx_word' id='word_1_218' title='bbox 699 2758 827 2822; x_wconf 86' lang='lat' dir='ltr'>veniam</span> <span class='ocrx_word' id='word_1_219' title='bbox 848 2757 952 2843; x_wconf 91' lang='lat' dir='ltr'>petiit,</span> <span class='ocrx_word' id='word_1_220' title='bbox 974 2758 1089 2842; x_wconf 91' lang='lat' dir='ltr'>laqueo</span> 
     </span>
     <span class='ocr_line' id='line_1_30' title="bbox 133 2843 1088 2930; baseline 0 -22"><span class='ocrx_word' id='word_1_221' title='bbox 133 2843 232 2929; x_wconf 83' lang='lat' dir='ltr'>digna</span> <span class='ocrx_word' id='word_1_222' title='bbox 254 2845 452 2910; x_wconf 90' lang='lat' dir='ltr'>commisisse</span> <span class='ocrx_word' id='word_1_223' title='bbox 466 2867 500 2910; x_wconf 88' lang='grc'>11</span> <span class='ocrx_word' id='word_1_224' title='bbox 522 2846 638 2930; x_wconf 87' lang='lat' dir='ltr'>fassus,</span> <span class='ocrx_word' id='word_1_225' title='bbox 661 2847 777 2911; x_wconf 90' lang='lat' dir='ltr'>cumei</span> <span class='ocrx_word' id='word_1_226' title='bbox 800 2846 939 2911; x_wconf 89' lang='lat' dir='ltr'>sermoni</span> <span class='ocrx_word' id='word_1_227' title='bbox 953 2843 1088 2909; x_wconf 88' lang='lat' dir='ltr'>Hadria-</span> 
     </span>
     <span class='ocr_line' id='line_1_31' title="bbox 131 2931 1087 3017; baseline -0.002 -21"><span class='ocrx_word' id='word_1_228' title='bbox 131 2953 194 2996; x_wconf 89' lang='lat' dir='ltr'>nus</span> <span class='ocrx_word' id='word_1_229' title='bbox 217 2931 385 2998; x_wconf 82' lang='lat' dir='ltr'>Turnebus</span> <span class='ocrx_word' id='word_1_230' title='bbox 408 2935 441 2997; x_wconf 89' lang='lat' dir='ltr'>et</span> <span class='ocrx_word' id='word_1_231' title='bbox 462 2932 602 2998; x_wconf 89' lang='lat' dir='ltr'>Ioannes</span> <span class='ocrx_word' id='word_1_232' title='bbox 616 2933 759 2998; x_wconf 77' lang='lat' dir='ltr'>duratus</span> <span class='ocrx_word' id='word_1_233' title='bbox 782 2936 967 3017; x_wconf 88' lang='lat' dir='ltr'>praesentes</span> <span class='ocrx_word' id='word_1_234' title='bbox 990 2933 1087 2995; x_wconf 90' lang='lat' dir='ltr'>inter-</span> 
     </span>
     <span class='ocr_line' id='line_1_32' title="bbox 133 3017 1088 3103; baseline 0.001 -21"><span class='ocrx_word' id='word_1_235' title='bbox 133 3021 249 3084; x_wconf 88' lang='lat' dir='ltr'>essent.</span> <span class='ocrx_word' id='word_1_236' title='bbox 285 3017 348 3084; x_wconf 83' lang='lat' dir='ltr'>Sed</span> <span class='ocrx_word' id='word_1_237' title='bbox 369 3021 536 3085; x_wconf 88' lang='lat' dir='ltr'>mittamus</span> <span class='ocrx_word' id='word_1_238' title='bbox 558 3020 646 3085; x_wconf 89' lang='lat' dir='ltr'>haec.</span> <span class='ocrx_word' id='word_1_239' title='bbox 678 3020 710 3084; x_wconf 84' lang='lat' dir='ltr'>A</span> <span class='ocrx_word' id='word_1_240' title='bbox 731 3025 763 3084; x_wconf 91' lang='lat' dir='ltr'>te</span> <span class='ocrx_word' id='word_1_241' title='bbox 786 3041 845 3103; x_wconf 91' lang='lat' dir='ltr'>pro</span> <span class='ocrx_word' id='word_1_242' title='bbox 869 3019 1010 3082; x_wconf 89' lang='lat' dir='ltr'>amicitia</span> <span class='ocrx_word' id='word_1_243' title='bbox 1031 3041 1088 3084; x_wconf 93' lang='lat' dir='ltr'>no-</span> 
     </span>
     <span class='ocr_line' id='line_1_33' title="bbox 133 3107 1088 3193; baseline 0 -20"><span class='ocrx_word' id='word_1_244' title='bbox 133 3109 307 3192; x_wconf 83' lang='lat' dir='ltr'>strepeto,</span> <span class='ocrx_word' id='word_1_245' title='bbox 330 3107 385 3172; x_wconf 91' lang='lat' dir='ltr'>des</span> <span class='ocrx_word' id='word_1_246' title='bbox 409 3129 552 3192; x_wconf 89' lang='lat' dir='ltr'>operam,</span> <span class='ocrx_word' id='word_1_247' title='bbox 574 3129 615 3172; x_wconf 89' lang='lat' dir='ltr'>ne</span> <span class='ocrx_word' id='word_1_248' title='bbox 639 3107 715 3193; x_wconf 92' lang='lat' dir='ltr'>quid</span> <span class='ocrx_word' id='word_1_249' title='bbox 736 3107 810 3172; x_wconf 89' lang='lat' dir='ltr'>istic</span> <span class='ocrx_word' id='word_1_250' title='bbox 833 3107 1007 3174; x_wconf 83' lang='lat' dir='ltr'>excudatur</span> <span class='ocrx_word' id='word_1_251' title='bbox 1028 3130 1088 3192; x_wconf 90' lang='lat' dir='ltr'>pro</span> 
     </span>
     <span class='ocr_line' id='line_1_34' title="bbox 131 3195 1087 3281; baseline 0 -21"><span class='ocrx_word' id='word_1_252' title='bbox 131 3216 213 3279; x_wconf 91' lang='lat' dir='ltr'>meo,</span> <span class='ocrx_word' id='word_1_253' title='bbox 236 3195 322 3281; x_wconf 91' lang='lat' dir='ltr'>quod</span> <span class='ocrx_word' id='word_1_254' title='bbox 343 3217 451 3261; x_wconf 90' lang='lat' dir='ltr'>meum</span> <span class='ocrx_word' id='word_1_255' title='bbox 472 3217 539 3261; x_wconf 93' lang='lat' dir='ltr'>non</span> <span class='ocrx_word' id='word_1_256' title='bbox 562 3195 613 3260; x_wconf 84' lang='lat' dir='ltr'>sit.</span> <span class='ocrx_word' id='word_1_257' title='bbox 649 3195 733 3275; x_wconf 81' lang='lat' dir='ltr'>Quid</span> <span class='ocrx_word' id='word_1_258' title='bbox 755 3195 841 3261; x_wconf 87' lang='lat' dir='ltr'>enirn</span> <span class='ocrx_word' id='word_1_259' title='bbox 863 3197 1007 3262; x_wconf 74' lang='lat' dir='ltr'>buturum</span> <span class='ocrx_word' id='word_1_260' title='bbox 1030 3202 1087 3280; x_wconf 89' lang='lat' dir='ltr'>est,</span> 
     </span>
     <span class='ocr_line' id='line_1_35' title="bbox 131 3283 1087 3371; baseline -0.002 -21"><span class='ocrx_word' id='word_1_261' title='bbox 131 3283 197 3350; x_wconf 88' lang='lat' dir='ltr'>nisi</span> <span class='ocrx_word' id='word_1_262' title='bbox 227 3288 409 3350; x_wconf 66' lang='lat' dir='ltr'>coerceatur</span> <span class='ocrx_word' id='word_1_263' title='bbox 440 3285 575 3351; x_wconf 88' lang='lat' dir='ltr'>istorum</span> <span class='ocrx_word' id='word_1_264' title='bbox 607 3284 753 3369; x_wconf 88' lang='lat' dir='ltr'>audacia,</span> <span class='ocrx_word' id='word_1_265' title='bbox 781 3285 838 3371; x_wconf 92' lang='lat' dir='ltr'>qui</span> <span class='ocrx_word' id='word_1_266' title='bbox 869 3285 1087 3369; x_wconf 88' lang='lat' dir='ltr'>superioribus</span> 
     </span>
     <span class='ocr_line' id='line_1_36' title="bbox 131 3371 1086 3459; baseline -0.001 -23"><span class='ocrx_word' id='word_1_267' title='bbox 131 3372 295 3437; x_wconf 89' lang='lat' dir='ltr'>mensibus</span> <span class='ocrx_word' id='word_1_268' title='bbox 317 3375 434 3456; x_wconf 74' lang='lat' dir='ltr'>podma</span> <span class='ocrx_word' id='word_1_269' title='bbox 455 3373 616 3459; x_wconf 88' lang='lat' dir='ltr'>quoddam</span> <span class='ocrx_word' id='word_1_270' title='bbox 638 3373 677 3438; x_wconf 89' lang='lat' dir='ltr'>de</span> <span class='ocrx_word' id='word_1_271' title='bbox 699 3372 847 3438; x_wconf 87' lang='lat' dir='ltr'>laudibus</span> <span class='ocrx_word' id='word_1_272' title='bbox 869 3371 1002 3438; x_wconf 90' lang='lat' dir='ltr'>Ioannis</span> <span class='ocrx_word' id='word_1_273' title='bbox 1020 3372 1086 3436; x_wconf 87' lang='lat' dir='ltr'>Au·</span> 
     </span>
     <span class='ocr_line' id='line_1_37' title="bbox 132 3459 1086 3547; baseline -0.001 -23"><span class='ocrx_word' id='word_1_274' title='bbox 132 3459 250 3542; x_wconf 89' lang='lat' dir='ltr'>striaci,</span> <span class='ocrx_word' id='word_1_275' title='bbox 273 3460 358 3546; x_wconf 91' lang='lat' dir='ltr'>quod</span> <span class='ocrx_word' id='word_1_276' title='bbox 372 3480 432 3547; x_wconf 83' lang='lat' dir='ltr'>ego</span> <span class='ocrx_word' id='word_1_277' title='bbox 453 3483 620 3547; x_wconf 90' lang='lat' dir='ltr'>nunquam</span> <span class='ocrx_word' id='word_1_278' title='bbox 641 3462 792 3547; x_wconf 82' lang='lat' dir='ltr'>legeram,</span> <span class='ocrx_word' id='word_1_279' title='bbox 814 3482 872 3545; x_wconf 93' lang='lat' dir='ltr'>pro</span> <span class='ocrx_word' id='word_1_280' title='bbox 886 3481 958 3525; x_wconf 92' lang='lat' dir='ltr'>meo</span> <span class='ocrx_word' id='word_1_281' title='bbox 982 3460 1086 3524; x_wconf 92' lang='lat' dir='ltr'>edide-</span> 
     </span>
     <span class='ocr_line' id='line_1_38' title="bbox 132 3547 1086 3634; baseline -0.001 -23"><span class='ocrx_word' id='word_1_282' title='bbox 132 3547 231 3612; x_wconf 82' lang='lat' dir='ltr'>runt?</span> <span class='ocrx_word' id='word_1_283' title='bbox 253 3547 292 3612; x_wconf 90' lang='lat' dir='ltr'>In</span> <span class='ocrx_word' id='word_1_284' title='bbox 316 3569 379 3634; x_wconf 91' lang='lat' dir='ltr'>quo</span> <span class='ocrx_word' id='word_1_285' title='bbox 403 3552 436 3614; x_wconf 90' lang='lat' dir='ltr'>et</span> <span class='ocrx_word' id='word_1_286' title='bbox 457 3549 537 3614; x_wconf 90' lang='lat' dir='ltr'>mihi</span> <span class='ocrx_word' id='word_1_287' title='bbox 560 3549 653 3633; x_wconf 89' lang='lat' dir='ltr'>etei,</span> <span class='ocrx_word' id='word_1_288' title='bbox 676 3550 766 3615; x_wconf 87' lang='lat' dir='ltr'>cuius</span> <span class='ocrx_word' id='word_1_289' title='bbox 788 3548 868 3613; x_wconf 91' lang='lat' dir='ltr'>illud</span> <span class='ocrx_word' id='word_1_290' title='bbox 890 3553 1006 3631; x_wconf 72' lang='lat' dir='ltr'>podma</span> <span class='ocrx_word' id='word_1_291' title='bbox 1028 3550 1086 3630; x_wconf 89' lang='lat' dir='ltr'>est,</span> 
     </span>
     <span class='ocr_line' id='line_1_39' title="bbox 839 3649 875 3704; baseline 0 -20"><span class='ocrx_word' id='word_1_292' title='bbox 839 3649 875 3704; x_wconf 64' lang='lat'>1*</span> 
     </span>
    </p>
   </div>
   <div class='ocr_carea' id='block_1_7' title="bbox 0 0 1333 3910">
    <p class='ocr_par' dir='ltr' id='par_1_7' title="bbox 0 0 1333 3910">
     <span class='ocr_line' id='line_1_40' title="bbox 0 0 1333 3910; baseline 0 0"><span class='ocrx_word' id='word_1_293' title='bbox 0 0 1333 3910; x_wconf 95' lang='lat' dir='ltr'> </span> 
     </span>
    </p>
   </div>
  </div>
 </body>
</html>
