<?xml version="1.0" encoding="UTF-8"?>
<!DOCTYPE html PUBLIC "-//W3C//DTD XHTML 1.0 Transitional//EN"
    "http://www.w3.org/TR/xhtml1/DTD/xhtml1-transitional.dtd">
<html xmlns="http://www.w3.org/1999/xhtml" xml:lang="en" lang="en">
 <head>
  <title>
</title>
<meta http-equiv="Content-Type" content="text/html;charset=utf-8" />
  <meta name='ocr-system' content='tesseract 3.04.00' />
  <meta name='ocr-capabilities' content='ocr_page ocr_carea ocr_par ocr_line ocrx_word'/>
</head>
<body>
  <div class='ocr_page' id='page_1' title='image "./scriptaselecta01muregoog_0074.png"; bbox 0 0 2656 3910; ppageno 0'>
   <div class='ocr_carea' id='block_1_1' title="bbox 498 207 1108 271">
    <p class='ocr_par' dir='ltr' id='par_1_1' title="bbox 498 207 1108 271">
     <span class='ocr_line' id='line_1_1' title="bbox 498 207 1108 271; baseline 0.008 -5"><span class='ocrx_word' id='word_1_1' title='bbox 498 209 677 266; x_wconf 77' lang='lat' dir='ltr'><strong>EPISTOLA</strong></span> <span class='ocrx_word' id='word_1_2' title='bbox 694 209 765 264; x_wconf 85' lang='lat' dir='ltr'><strong>LIII.</strong></span> <span class='ocrx_word' id='word_1_3' title='bbox 1066 207 1108 271; x_wconf 83' lang='grc'><strong>67·</strong></span> 
     </span>
    </p>
   </div>
   <div class='ocr_carea' id='block_1_2' title="bbox 154 351 1111 776">
    <p class='ocr_par' dir='ltr' id='par_1_2' title="bbox 154 351 1109 776">
     <span class='ocr_line' id='line_1_2' title="bbox 154 351 1108 442; baseline -0.006 -20"><span class='ocrx_word' id='word_1_4' title='bbox 154 376 231 442; x_wconf 87' lang='lat' dir='ltr'><strong>erga</strong></span> <span class='ocrx_word' id='word_1_5' title='bbox 254 378 304 421; x_wconf 89' lang='lat' dir='ltr'><strong>me</strong></span> <span class='ocrx_word' id='word_1_6' title='bbox 329 355 437 421; x_wconf 87' lang='lat' dir='ltr'><strong>animo</strong></span> <span class='ocrx_word' id='word_1_7' title='bbox 461 357 518 420; x_wconf 90' lang='grc'>111.</span> <span class='ocrx_word' id='word_1_8' title='bbox 495 354 608 419; x_wconf 80' lang='lat' dir='ltr'><strong>tEt</strong></span> <span class='ocrx_word' id='word_1_9' title='bbox 630 373 824 438; x_wconf 87' lang='lat' dir='ltr'><strong>quamquam</strong></span> <span class='ocrx_word' id='word_1_10' title='bbox 848 351 1001 416; x_wconf 90' lang='lat' dir='ltr'><strong>acerrimo</strong></span> <span class='ocrx_word' id='word_1_11' title='bbox 1029 351 1108 416; x_wconf 90' lang='lat' dir='ltr'><strong>iudi-</strong></span> 
     </span>
     <span class='ocr_line' id='line_1_3' title="bbox 154 440 1109 529; baseline -0.007 -18"><span class='ocrx_word' id='word_1_12' title='bbox 154 446 204 510; x_wconf 90' lang='lat' dir='ltr'><strong>cio</strong></span> <span class='ocrx_word' id='word_1_13' title='bbox 234 448 296 529; x_wconf 89' lang='lat' dir='ltr'><strong>est,</strong></span> <span class='ocrx_word' id='word_1_14' title='bbox 329 466 401 510; x_wconf 89' lang='lat' dir='ltr'><strong>mea</strong></span> <span class='ocrx_word' id='word_1_15' title='bbox 431 448 543 508; x_wconf 86' lang='lat' dir='ltr'><strong>tamen</strong></span> <span class='ocrx_word' id='word_1_16' title='bbox 577 446 610 506; x_wconf 93' lang='lat' dir='ltr'><strong>et</strong></span> <span class='ocrx_word' id='word_1_17' title='bbox 642 441 723 526; x_wconf 90' lang='lat' dir='ltr'><strong>legit</strong></span> <span class='ocrx_word' id='word_1_18' title='bbox 708 441 859 505; x_wconf 89' lang='lat' dir='ltr'><strong>tlibent</strong></span> <span class='ocrx_word' id='word_1_19' title='bbox 860 461 894 503; x_wconf 93' lang='lat' dir='ltr'><strong>er</strong></span> <span class='ocrx_word' id='word_1_20' title='bbox 928 443 961 504; x_wconf 89' lang='lat' dir='ltr'><strong>et</strong></span> <span class='ocrx_word' id='word_1_21' title='bbox 991 440 1109 504; x_wconf 86' lang='lat' dir='ltr'><strong>laudat</strong></span> 
     </span>
     <span class='ocr_line' id='line_1_4' title="bbox 155 527 1109 612; baseline -0.011 -12"><span class='ocrx_word' id='word_1_22' title='bbox 155 532 365 600; x_wconf 83' lang='lat' dir='ltr'><strong>Scribendum</strong></span> <span class='ocrx_word' id='word_1_23' title='bbox 387 531 467 598; x_wconf 92' lang='lat' dir='ltr'><strong>mihi</strong></span> <span class='ocrx_word' id='word_1_24' title='bbox 488 531 584 596; x_wconf 88' lang='lat' dir='ltr'><strong>hodie</strong></span> <span class='ocrx_word' id='word_1_25' title='bbox 613 533 662 594; x_wconf 90' lang='lat' dir='ltr'><strong>est</strong></span> <span class='ocrx_word' id='word_1_26' title='bbox 684 528 765 592; x_wconf 87' lang='lat' dir='ltr'><strong>ad</strong></span> <span class='ocrx_word' id='word_1_27' title='bbox 747 531 880 612; x_wconf 90' lang='lat' dir='ltr'><strong>multos,</strong></span> <span class='ocrx_word' id='word_1_28' title='bbox 906 527 1041 611; x_wconf 89' lang='lat' dir='ltr'><strong>ideoque</strong></span> <span class='ocrx_word' id='word_1_29' title='bbox 1063 531 1109 590; x_wconf 84' lang='lat' dir='ltr'><strong>te-</strong></span> 
     </span>
     <span class='ocr_line' id='line_1_5' title="bbox 155 615 1111 686; baseline -0.008 0"><span class='ocrx_word' id='word_1_30' title='bbox 155 643 229 686; x_wconf 88' lang='lat' dir='ltr'><strong>cum</strong></span> <span class='ocrx_word' id='word_1_31' title='bbox 251 643 306 686; x_wconf 88' lang='lat' dir='ltr'><strong>ero</strong></span> <span class='ocrx_word' id='word_1_32' title='bbox 330 621 465 685; x_wconf 87' lang='lat' dir='ltr'><strong>brevior.</strong></span> <span class='ocrx_word' id='word_1_33' title='bbox 501 618 586 684; x_wconf 85' lang='lat' dir='ltr'><strong>Ama</strong></span> <span class='ocrx_word' id='word_1_34' title='bbox 599 619 707 682; x_wconf 90' lang='lat' dir='ltr'><strong>meet</strong></span> <span class='ocrx_word' id='word_1_35' title='bbox 728 618 807 682; x_wconf 79' lang='lat' dir='ltr'><strong>vale.</strong></span> <span class='ocrx_word' id='word_1_36' title='bbox 830 616 962 682; x_wconf 86' lang='lat' dir='ltr'><strong>Romae.</strong></span> <span class='ocrx_word' id='word_1_37' title='bbox 980 634 1023 680; x_wconf 86' lang='lat' dir='ltr'><strong>xl.</strong></span> <span class='ocrx_word' id='word_1_38' title='bbox 1038 615 1111 680; x_wconf 90' lang='lat' dir='ltr'><strong>Kal</strong></span> 
     </span>
     <span class='ocr_line' id='line_1_6' title="bbox 155 709 514 776; baseline -0.006 -2"><span class='ocrx_word' id='word_1_39' title='bbox 155 709 322 776; x_wconf 90' lang='lat' dir='ltr'><strong>Decembr.</strong></span> <span class='ocrx_word' id='word_1_40' title='bbox 344 725 514 773; x_wconf 80' lang='grc'>1111111111.</span> 
     </span>
    </p>
   </div>
   <div class='ocr_carea' id='block_1_3' title="bbox 552 848 712 862">
    <p class='ocr_par' dir='ltr' id='par_1_3' title="bbox 552 848 712 862">
     <span class='ocr_line' id='line_1_7' title="bbox 552 848 712 862; baseline -0.013 0"><span class='ocrx_word' id='word_1_41' title='bbox 552 848 712 862; x_wconf 49' lang='grc' dir='ltr'><strong>μ</strong></span> 
     </span>
    </p>
   </div>
   <div class='ocr_carea' id='block_1_4' title="bbox 479 986 790 1163">
    <p class='ocr_par' dir='ltr' id='par_1_4' title="bbox 479 986 790 1163">
     <span class='ocr_line' id='line_1_8' title="bbox 588 986 675 1052; baseline -0.011 0"><span class='ocrx_word' id='word_1_42' title='bbox 588 986 675 1052; x_wconf 88' lang='lat' dir='ltr'><strong>LIII.</strong></span> 
     </span>
     <span class='ocr_line' id='line_1_9' title="bbox 479 1103 790 1163; baseline -0.003 0"><span class='ocrx_word' id='word_1_43' title='bbox 479 1107 595 1163; x_wconf 76' lang='lat' dir='ltr'><strong>mnam</strong></span> <span class='ocrx_word' id='word_1_44' title='bbox 613 1103 790 1162; x_wconf 75' lang='lat' dir='ltr'>SAGRATO.</span> 
     </span>
    </p>
   </div>
   <div class='ocr_carea' id='block_1_5' title="bbox 158 1229 1119 3666">
    <p class='ocr_par' dir='ltr' id='par_1_5' title="bbox 158 1229 1119 3596">
     <span class='ocr_line' id='line_1_10' title="bbox 224 1229 1115 1318; baseline -0.002 -20"><span class='ocrx_word' id='word_1_45' title='bbox 224 1230 321 1298; x_wconf 88' lang='lat' dir='ltr'><strong>Nunc</strong></span> <span class='ocrx_word' id='word_1_46' title='bbox 347 1232 453 1318; x_wconf 91' lang='lat' dir='ltr'><strong>ipsum</strong></span> <span class='ocrx_word' id='word_1_47' title='bbox 481 1233 590 1317; x_wconf 89' lang='lat' dir='ltr'><strong>accepi</strong></span> <span class='ocrx_word' id='word_1_48' title='bbox 615 1232 778 1317; x_wconf 78' lang='lat' dir='ltr'><strong>prandens</strong></span> <span class='ocrx_word' id='word_1_49' title='bbox 806 1230 899 1296; x_wconf 89' lang='lat' dir='ltr'><strong>binas</strong></span> <span class='ocrx_word' id='word_1_50' title='bbox 925 1229 965 1296; x_wconf 89' lang='lat' dir='ltr'><strong>ad</strong></span> <span class='ocrx_word' id='word_1_51' title='bbox 988 1252 1039 1296; x_wconf 89' lang='lat' dir='ltr'><strong>me</strong></span> <span class='ocrx_word' id='word_1_52' title='bbox 1061 1231 1115 1296; x_wconf 86' lang='lat' dir='ltr'><strong>lit·</strong></span> 
     </span>
     <span class='ocr_line' id='line_1_11' title="bbox 158 1319 1115 1405; baseline 0 -20"><span class='ocrx_word' id='word_1_53' title='bbox 158 1325 244 1386; x_wconf 88' lang='lat' dir='ltr'><strong>teras</strong></span> <span class='ocrx_word' id='word_1_54' title='bbox 265 1324 348 1405; x_wconf 89' lang='lat' dir='ltr'><strong>tuas,</strong></span> <span class='ocrx_word' id='word_1_55' title='bbox 370 1321 406 1386; x_wconf 91' lang='lat' dir='ltr'><strong>in</strong></span> <span class='ocrx_word' id='word_1_56' title='bbox 429 1321 565 1386; x_wconf 88' lang='lat' dir='ltr'><strong>eundern</strong></span> <span class='ocrx_word' id='word_1_57' title='bbox 588 1343 608 1386; x_wconf 90' lang='lat' dir='ltr'><strong>a</strong></span> <span class='ocrx_word' id='word_1_58' title='bbox 629 1324 662 1385; x_wconf 94' lang='lat' dir='ltr'><strong>te</strong></span> <span class='ocrx_word' id='word_1_59' title='bbox 678 1321 867 1388; x_wconf 87' lang='lat' dir='ltr'><strong>fasciculum</strong></span> <span class='ocrx_word' id='word_1_60' title='bbox 889 1319 1058 1404; x_wconf 87' lang='lat' dir='ltr'><strong>coniectas,</strong></span> <span class='ocrx_word' id='word_1_61' title='bbox 1081 1323 1115 1385; x_wconf 89' lang='grc'><strong>11</strong></span> 
     </span>
     <span class='ocr_line' id='line_1_12' title="bbox 158 1407 1113 1496; baseline -0.001 -23"><span class='ocrx_word' id='word_1_62' title='bbox 158 1431 262 1494; x_wconf 87' lang='lat' dir='ltr'><strong>nuper</strong></span> <span class='ocrx_word' id='word_1_63' title='bbox 292 1410 390 1474; x_wconf 86' lang='lat' dir='ltr'><strong>etiam</strong></span> <span class='ocrx_word' id='word_1_64' title='bbox 422 1410 502 1475; x_wconf 87' lang='lat' dir='ltr'><strong>alias</strong></span> <span class='ocrx_word' id='word_1_65' title='bbox 534 1409 689 1496; x_wconf 89' lang='lat' dir='ltr'><strong>quasdam</strong></span> <span class='ocrx_word' id='word_1_66' title='bbox 720 1412 793 1474; x_wconf 88' lang='lat' dir='ltr'><strong>tuas</strong></span> <span class='ocrx_word' id='word_1_67' title='bbox 827 1429 1025 1492; x_wconf 81' lang='lat' dir='ltr'><strong>acceperam,</strong></span> <span class='ocrx_word' id='word_1_68' title='bbox 1057 1407 1113 1472; x_wconf 91' lang='lat' dir='ltr'><strong>sed</strong></span> 
     </span>
     <span class='ocr_line' id='line_1_13' title="bbox 160 1496 1113 1583; baseline 0.001 -22"><span class='ocrx_word' id='word_1_69' title='bbox 160 1497 276 1583; x_wconf 89' lang='lat' dir='ltr'><strong>quibus</strong></span> <span class='ocrx_word' id='word_1_70' title='bbox 306 1496 393 1562; x_wconf 87' lang='lat' dir='ltr'><strong>aliud</strong></span> <span class='ocrx_word' id='word_1_71' title='bbox 421 1498 503 1562; x_wconf 86' lang='lat' dir='ltr'><strong>nihil</strong></span> <span class='ocrx_word' id='word_1_72' title='bbox 533 1500 764 1581; x_wconf 73' lang='lat' dir='ltr'><strong>contineretur,</strong></span> <span class='ocrx_word' id='word_1_73' title='bbox 793 1518 904 1581; x_wconf 87' lang='lat' dir='ltr'><strong>quam,</strong></span> <span class='ocrx_word' id='word_1_74' title='bbox 938 1496 1024 1581; x_wconf 90' lang='lat' dir='ltr'><strong>quod</strong></span> <span class='ocrx_word' id='word_1_75' title='bbox 1053 1515 1113 1580; x_wconf 81' lang='lat' dir='ltr'><strong>ego</strong></span> 
     </span>
     <span class='ocr_line' id='line_1_14' title="bbox 160 1583 1113 1670; baseline -0.004 -20"><span class='ocrx_word' id='word_1_76' title='bbox 160 1585 375 1668; x_wconf 77' lang='lat' dir='ltr'><strong>maximopere</strong></span> <span class='ocrx_word' id='word_1_77' title='bbox 408 1585 488 1650; x_wconf 90' lang='lat' dir='ltr'><strong>seire</strong></span> <span class='ocrx_word' id='word_1_78' title='bbox 520 1585 701 1670; x_wconf 90' lang='lat' dir='ltr'><strong>cupiebam,</strong></span> <span class='ocrx_word' id='word_1_79' title='bbox 732 1587 764 1646; x_wconf 90' lang='lat' dir='ltr'><strong>te</strong></span> <span class='ocrx_word' id='word_1_80' title='bbox 796 1585 879 1647; x_wconf 92' lang='lat' dir='ltr'><strong>istuc</strong></span> <span class='ocrx_word' id='word_1_81' title='bbox 910 1585 1034 1647; x_wconf 73' lang='lat' dir='ltr'><strong>salmam</strong></span> <span class='ocrx_word' id='word_1_82' title='bbox 1065 1583 1113 1646; x_wconf 92' lang='lat' dir='ltr'><strong>in·</strong></span> 
     </span>
     <span class='ocr_line' id='line_1_15' title="bbox 161 1669 1115 1756; baseline -0.003 -20"><span class='ocrx_word' id='word_1_83' title='bbox 161 1672 381 1756; x_wconf 89' lang='lat' dir='ltr'><strong>columemque</strong></span> <span class='ocrx_word' id='word_1_84' title='bbox 404 1672 538 1753; x_wconf 84' lang='lat' dir='ltr'><strong>venisse,</strong></span> <span class='ocrx_word' id='word_1_85' title='bbox 562 1675 595 1737; x_wconf 91' lang='grc'><strong>11</strong></span> <span class='ocrx_word' id='word_1_86' title='bbox 608 1669 870 1736; x_wconf 78' lang='lat' dir='ltr'><strong>commemoratio</strong></span> <span class='ocrx_word' id='word_1_87' title='bbox 885 1670 1041 1753; x_wconf 82' lang='lat' dir='ltr'><strong>quaedam</strong></span> <span class='ocrx_word' id='word_1_88' title='bbox 1064 1691 1115 1734; x_wconf 88' lang='grc'><strong>11-</strong></span> 
     </span>
     <span class='ocr_line' id='line_1_16' title="bbox 161 1756 1115 1843; baseline -0.002 -19"><span class='ocrx_word' id='word_1_89' title='bbox 161 1761 273 1824; x_wconf 91' lang='lat' dir='ltr'><strong>curata</strong></span> <span class='ocrx_word' id='word_1_90' title='bbox 295 1779 415 1842; x_wconf 90' lang='lat' dir='ltr'><strong>eorum,</strong></span> <span class='ocrx_word' id='word_1_91' title='bbox 438 1780 519 1843; x_wconf 87' lang='lat' dir='ltr'><strong>quae</strong></span> <span class='ocrx_word' id='word_1_92' title='bbox 542 1762 578 1822; x_wconf 92' lang='lat' dir='ltr'><strong>tu</strong></span> <span class='ocrx_word' id='word_1_93' title='bbox 594 1758 655 1821; x_wconf 92' lang='lat' dir='ltr'><strong>tibi</strong></span> <span class='ocrx_word' id='word_1_94' title='bbox 668 1779 720 1822; x_wconf 91' lang='lat' dir='ltr'><strong>me</strong></span> <span class='ocrx_word' id='word_1_95' title='bbox 738 1757 945 1841; x_wconf 82' lang='lat' dir='ltr'><strong>praestitisse,</strong></span> <span class='ocrx_word' id='word_1_96' title='bbox 968 1777 1040 1820; x_wconf 91' lang='lat' dir='ltr'><strong>oum</strong></span> <span class='ocrx_word' id='word_1_97' title='bbox 1062 1756 1115 1822; x_wconf 89' lang='lat' dir='ltr'><strong>hic</strong></span> 
     </span>
     <span class='ocr_line' id='line_1_17' title="bbox 163 1843 1115 1931; baseline 0.001 -22"><span class='ocrx_word' id='word_1_98' title='bbox 163 1867 258 1928; x_wconf 90' lang='lat' dir='ltr'><strong>esses,</strong></span> <span class='ocrx_word' id='word_1_99' title='bbox 279 1844 490 1929; x_wconf 87' lang='lat' dir='ltr'><strong>praediceras.</strong></span> <span class='ocrx_word' id='word_1_100' title='bbox 535 1845 607 1931; x_wconf 80' lang='lat' dir='ltr'><strong>Ego</strong></span> <span class='ocrx_word' id='word_1_101' title='bbox 630 1849 751 1928; x_wconf 90' lang='lat' dir='ltr'><strong>autem,</strong></span> <span class='ocrx_word' id='word_1_102' title='bbox 774 1843 905 1911; x_wconf 82' lang='lat' dir='ltr'><strong>Sacrate</strong></span> <span class='ocrx_word' id='word_1_103' title='bbox 926 1845 972 1908; x_wconf 90' lang='lat' dir='ltr'><strong>mi</strong></span> <span class='ocrx_word' id='word_1_104' title='bbox 996 1845 1115 1928; x_wconf 91' lang='lat' dir='ltr'><strong>optime</strong></span> 
     </span>
     <span class='ocr_line' id='line_1_18' title="bbox 164 1932 1115 2019; baseline 0.001 -24"><span class='ocrx_word' id='word_1_105' title='bbox 164 1937 197 1996; x_wconf 92' lang='lat' dir='ltr'><strong>et</strong></span> <span class='ocrx_word' id='word_1_106' title='bbox 222 1932 464 2016; x_wconf 88' lang='lat' dir='ltr'><strong>humanissime,</strong></span> <span class='ocrx_word' id='word_1_107' title='bbox 496 1934 524 1997; x_wconf 89' lang='lat' dir='ltr'><strong>si</strong></span> <span class='ocrx_word' id='word_1_108' title='bbox 555 1955 670 2019; x_wconf 83' lang='lat' dir='ltr'><strong>negem</strong></span> <span class='ocrx_word' id='word_1_109' title='bbox 701 1955 752 1998; x_wconf 93' lang='lat' dir='ltr'><strong>me</strong></span> <span class='ocrx_word' id='word_1_110' title='bbox 785 1932 988 2017; x_wconf 88' lang='lat' dir='ltr'><strong>cupidissime</strong></span> <span class='ocrx_word' id='word_1_111' title='bbox 1021 1954 1115 2018; x_wconf 87' lang='lat' dir='ltr'><strong>quae-</strong></span> 
     </span>
     <span class='ocr_line' id='line_1_19' title="bbox 165 2019 1117 2105; baseline 0.001 -21"><span class='ocrx_word' id='word_1_112' title='bbox 165 2020 238 2084; x_wconf 88' lang='grc'>11111</span> <span class='ocrx_word' id='word_1_113' title='bbox 271 2019 473 2084; x_wconf 88' lang='lat' dir='ltr'><strong>occasionem</strong></span> <span class='ocrx_word' id='word_1_114' title='bbox 504 2020 644 2105; x_wconf 86' lang='lat' dir='ltr'><strong>aliquam</strong></span> <span class='ocrx_word' id='word_1_115' title='bbox 679 2021 860 2085; x_wconf 88' lang='lat' dir='ltr'><strong>declarandi</strong></span> <span class='ocrx_word' id='word_1_116' title='bbox 895 2020 956 2085; x_wconf 92' lang='lat' dir='ltr'><strong>tibi</strong></span> <span class='ocrx_word' id='word_1_117' title='bbox 991 2021 1117 2085; x_wconf 87' lang='lat' dir='ltr'><strong>mirifici</strong></span> 
     </span>
     <span class='ocr_line' id='line_1_20' title="bbox 165 2105 1116 2192; baseline 0.002 -22"><span class='ocrx_word' id='word_1_118' title='bbox 165 2106 330 2171; x_wconf 86' lang='lat' dir='ltr'><strong>cuiusdam</strong></span> <span class='ocrx_word' id='word_1_119' title='bbox 345 2107 463 2172; x_wconf 88' lang='lat' dir='ltr'><strong>amoris</strong></span> <span class='ocrx_word' id='word_1_120' title='bbox 486 2128 563 2192; x_wconf 85' lang='lat' dir='ltr'><strong>erga</strong></span> <span class='ocrx_word' id='word_1_121' title='bbox 584 2111 618 2171; x_wconf 90' lang='lat' dir='ltr'><strong>te</strong></span> <span class='ocrx_word' id='word_1_122' title='bbox 636 2107 709 2190; x_wconf 92' lang='lat' dir='ltr'><strong>mei,</strong></span> <span class='ocrx_word' id='word_1_123' title='bbox 731 2108 877 2171; x_wconf 87' lang='lat' dir='ltr'><strong>mentiar.</strong></span> <span class='ocrx_word' id='word_1_124' title='bbox 913 2105 1008 2172; x_wconf 81' lang='lat' dir='ltr'><strong>Certe</strong></span> <span class='ocrx_word' id='word_1_125' title='bbox 1031 2108 1116 2172; x_wconf 91' lang='lat' dir='ltr'><strong>enim</strong></span> 
     </span>
     <span class='ocr_line' id='line_1_21' title="bbox 164 2194 1117 2280; baseline -0.001 -21"><span class='ocrx_word' id='word_1_126' title='bbox 164 2198 198 2260; x_wconf 90' lang='grc'><strong>11</strong></span> <span class='ocrx_word' id='word_1_127' title='bbox 220 2217 293 2260; x_wconf 88' lang='lat' dir='ltr'><strong>amo</strong></span> <span class='ocrx_word' id='word_1_128' title='bbox 316 2198 349 2260; x_wconf 91' lang='lat' dir='ltr'><strong>tc</strong></span> <span class='ocrx_word' id='word_1_129' title='bbox 373 2194 592 2280; x_wconf 81' lang='lat' dir='ltr'><strong>singulariter,</strong></span> <span class='ocrx_word' id='word_1_130' title='bbox 619 2198 652 2260; x_wconf 91' lang='grc'><strong>11</strong></span> <span class='ocrx_word' id='word_1_131' title='bbox 678 2217 785 2260; x_wconf 90' lang='lat' dir='ltr'><strong>meum</strong></span> <span class='ocrx_word' id='word_1_132' title='bbox 812 2215 890 2280; x_wconf 89' lang='lat' dir='ltr'><strong>erga</strong></span> <span class='ocrx_word' id='word_1_133' title='bbox 916 2198 948 2259; x_wconf 89' lang='grc'><strong>11</strong></span> <span class='ocrx_word' id='word_1_134' title='bbox 975 2195 1117 2259; x_wconf 90' lang='lat' dir='ltr'><strong>studium</strong></span> 
     </span>
     <span class='ocr_line' id='line_1_22' title="bbox 162 2281 1117 2367; baseline 0 -19"><span class='ocrx_word' id='word_1_135' title='bbox 162 2284 223 2349; x_wconf 91' lang='lat' dir='ltr'><strong>tibi</strong></span> <span class='ocrx_word' id='word_1_136' title='bbox 249 2283 455 2348; x_wconf 89' lang='lat' dir='ltr'><strong>notissimum</strong></span> <span class='ocrx_word' id='word_1_137' title='bbox 483 2305 552 2348; x_wconf 89' lang='lat' dir='ltr'><strong>esse</strong></span> <span class='ocrx_word' id='word_1_138' title='bbox 579 2283 693 2367; x_wconf 46' lang='lat' dir='ltr'><strong>cupio„</strong></span> <span class='ocrx_word' id='word_1_139' title='bbox 736 2282 820 2347; x_wconf 91' lang='lat' dir='ltr'><strong>Illud</strong></span> <span class='ocrx_word' id='word_1_140' title='bbox 851 2303 924 2346; x_wconf 81' lang='lat' dir='ltr'><strong>rere</strong></span> <span class='ocrx_word' id='word_1_141' title='bbox 956 2281 1117 2348; x_wconf 87' lang='lat' dir='ltr'><strong>affirmare</strong></span> 
     </span>
     <span class='ocr_line' id='line_1_23' title="bbox 163 2371 1118 2456; baseline 0 -19"><span class='ocrx_word' id='word_1_142' title='bbox 163 2391 308 2456; x_wconf 90' lang='lat' dir='ltr'><strong>possum,</strong></span> <span class='ocrx_word' id='word_1_143' title='bbox 336 2371 419 2436; x_wconf 90' lang='lat' dir='ltr'><strong>nibil</strong></span> <span class='ocrx_word' id='word_1_144' title='bbox 446 2372 507 2438; x_wconf 86' lang='lat' dir='ltr'><strong>tibi</strong></span> <span class='ocrx_word' id='word_1_145' title='bbox 533 2394 585 2436; x_wconf 89' lang='lat' dir='ltr'><strong>me</strong></span> <span class='ocrx_word' id='word_1_146' title='bbox 614 2371 814 2456; x_wconf 87' lang='lat' dir='ltr'><strong>praestitisse</strong></span> <span class='ocrx_word' id='word_1_147' title='bbox 846 2373 902 2435; x_wconf 86' lang='lat' dir='ltr'><strong>aut</strong></span> <span class='ocrx_word' id='word_1_148' title='bbox 932 2373 990 2436; x_wconf 89' lang='lat' dir='ltr'><strong>tua</strong></span> <span class='ocrx_word' id='word_1_149' title='bbox 1021 2392 1118 2437; x_wconf 83' lang='lat' dir='ltr'><strong>cause</strong></span> 
     </span>
     <span class='ocr_line' id='line_1_24' title="bbox 163 2459 1117 2545; baseline 0 -22"><span class='ocrx_word' id='word_1_150' title='bbox 163 2459 291 2543; x_wconf 88' lang='lat' dir='ltr'><strong>fecisse,</strong></span> <span class='ocrx_word' id='word_1_151' title='bbox 318 2480 382 2545; x_wconf 92' lang='lat' dir='ltr'><strong>quo</strong></span> <span class='ocrx_word' id='word_1_152' title='bbox 410 2460 544 2525; x_wconf 88' lang='lat' dir='ltr'><strong>minima</strong></span> <span class='ocrx_word' id='word_1_153' title='bbox 570 2481 645 2545; x_wconf 87' lang='lat' dir='ltr'><strong>pars</strong></span> <span class='ocrx_word' id='word_1_154' title='bbox 673 2462 731 2525; x_wconf 85' lang='lat' dir='ltr'><strong>eut</strong></span> <span class='ocrx_word' id='word_1_155' title='bbox 755 2459 943 2524; x_wconf 90' lang='lat' dir='ltr'><strong>meritorum</strong></span> <span class='ocrx_word' id='word_1_156' title='bbox 966 2480 1044 2544; x_wconf 88' lang='lat' dir='ltr'><strong>erga</strong></span> <span class='ocrx_word' id='word_1_157' title='bbox 1066 2481 1117 2524; x_wconf 90' lang='lat' dir='ltr'><strong>me</strong></span> 
     </span>
     <span class='ocr_line' id='line_1_25' title="bbox 164 2547 1117 2633; baseline 0.001 -22"><span class='ocrx_word' id='word_1_158' title='bbox 164 2549 293 2612; x_wconf 89' lang='lat' dir='ltr'><strong>tuorum</strong></span> <span class='ocrx_word' id='word_1_159' title='bbox 308 2548 365 2612; x_wconf 87' lang='lat' dir='ltr'><strong>aut</strong></span> <span class='ocrx_word' id='word_1_160' title='bbox 377 2568 467 2612; x_wconf 88' lang='lat' dir='ltr'><strong>meae</strong></span> <span class='ocrx_word' id='word_1_161' title='bbox 486 2568 563 2633; x_wconf 85' lang='lat' dir='ltr'><strong>erga</strong></span> <span class='ocrx_word' id='word_1_162' title='bbox 584 2552 616 2612; x_wconf 87' lang='grc'><strong>11</strong></span> <span class='ocrx_word' id='word_1_163' title='bbox 630 2548 806 2613; x_wconf 84' lang='lat' dir='ltr'><strong>voluntatis</strong></span> <span class='ocrx_word' id='word_1_164' title='bbox 825 2547 998 2632; x_wconf 88' lang='lat' dir='ltr'><strong>adaequari</strong></span> <span class='ocrx_word' id='word_1_165' title='bbox 1012 2551 1117 2633; x_wconf 90' lang='lat' dir='ltr'><strong>queat.</strong></span> 
     </span>
     <span class='ocr_line' id='line_1_26' title="bbox 165 2633 1117 2722; baseline 0.003 -24"><span class='ocrx_word' id='word_1_166' title='bbox 165 2633 279 2719; x_wconf 87' lang='lat' dir='ltr'><strong>Itaque</strong></span> <span class='ocrx_word' id='word_1_167' title='bbox 301 2634 419 2700; x_wconf 85' lang='lat' dir='ltr'><strong>videris</strong></span> <span class='ocrx_word' id='word_1_168' title='bbox 441 2635 522 2700; x_wconf 92' lang='lat' dir='ltr'><strong>mihi</strong></span> <span class='ocrx_word' id='word_1_169' title='bbox 543 2657 778 2722; x_wconf 88' lang='lat' dir='ltr'><strong>nonnunquam</strong></span> <span class='ocrx_word' id='word_1_170' title='bbox 805 2657 956 2720; x_wconf 88' lang='lat' dir='ltr'><strong>quaerere</strong></span> <span class='ocrx_word' id='word_1_171' title='bbox 979 2637 1117 2701; x_wconf 88' lang='lat' dir='ltr'><strong>occasio-</strong></span> 
     </span>
     <span class='ocr_line' id='line_1_27' title="bbox 164 2723 1117 2824; baseline 0.001 -38"><span class='ocrx_word' id='word_1_172' title='bbox 164 2743 239 2786; x_wconf 90' lang='lat' dir='ltr'><strong>nem</strong></span> <span class='ocrx_word' id='word_1_173' title='bbox 262 2723 455 2787; x_wconf 86' lang='lat' dir='ltr'><strong>exercendae</strong></span> <span class='ocrx_word' id='word_1_174' title='bbox 478 2724 679 2809; x_wconf 88' lang='lat' dir='ltr'><strong>eloquentiae</strong></span> <span class='ocrx_word' id='word_1_175' title='bbox 702 2725 809 2789; x_wconf 89' lang='lat' dir='ltr'><strong>tuae</strong></span> <span class='ocrx_word' id='word_1_176' title='bbox 799 2746 835 2788; x_wconf 92' lang='lat' dir='ltr'><strong>m</strong></span> <span class='ocrx_word' id='word_1_177' title='bbox 857 2724 902 2788; x_wconf 90' lang='lat' dir='ltr'><strong>eis</strong></span> <span class='ocrx_word' id='word_1_178' title='bbox 922 2724 1117 2824; x_wconf 88' lang='lat' dir='ltr'><strong>amplifican-</strong></span> 
     </span>
     <span class='ocr_line' id='line_1_28' title="bbox 164 2810 1119 2896; baseline 0.002 -22"><span class='ocrx_word' id='word_1_179' title='bbox 164 2810 213 2874; x_wconf 90' lang='lat' dir='ltr'><strong>dis</strong></span> <span class='ocrx_word' id='word_1_180' title='bbox 246 2813 279 2874; x_wconf 90' lang='lat' dir='ltr'><strong>et</strong></span> <span class='ocrx_word' id='word_1_181' title='bbox 309 2811 553 2896; x_wconf 81' lang='lat' dir='ltr'><strong>exaggerandis,</strong></span> <span class='ocrx_word' id='word_1_182' title='bbox 589 2833 670 2896; x_wconf 89' lang='lat' dir='ltr'><strong>quae</strong></span> <span class='ocrx_word' id='word_1_183' title='bbox 701 2833 759 2896; x_wconf 89' lang='lat' dir='ltr'><strong>per</strong></span> <span class='ocrx_word' id='word_1_184' title='bbox 794 2833 829 2876; x_wconf 91' lang='lat' dir='ltr'><strong>se</strong></span> <span class='ocrx_word' id='word_1_185' title='bbox 860 2812 907 2876; x_wconf 89' lang='lat' dir='ltr'><strong>ita</strong></span> <span class='ocrx_word' id='word_1_186' title='bbox 938 2812 1054 2896; x_wconf 87' lang='lat' dir='ltr'><strong>exigua</strong></span> <span class='ocrx_word' id='word_1_187' title='bbox 1085 2815 1119 2876; x_wconf 90' lang='lat' dir='ltr'><strong>et</strong></span> 
     </span>
     <span class='ocr_line' id='line_1_29' title="bbox 165 2897 1119 2983; baseline 0.003 -23"><span class='ocrx_word' id='word_1_188' title='bbox 165 2898 277 2961; x_wconf 82' lang='lat' dir='ltr'><strong>tenuia</strong></span> <span class='ocrx_word' id='word_1_189' title='bbox 298 2901 383 2982; x_wconf 90' lang='lat' dir='ltr'><strong>sunt,</strong></span> <span class='ocrx_word' id='word_1_190' title='bbox 405 2902 442 2962; x_wconf 93' lang='lat' dir='ltr'><strong>ut</strong></span> <span class='ocrx_word' id='word_1_191' title='bbox 463 2898 516 2962; x_wconf 87' lang='lat' dir='ltr'><strong>vix</strong></span> <span class='ocrx_word' id='word_1_192' title='bbox 539 2903 754 2983; x_wconf 85' lang='lat' dir='ltr'><strong>compareant.</strong></span> <span class='ocrx_word' id='word_1_193' title='bbox 800 2897 885 2974; x_wconf 86' lang='lat' dir='ltr'><strong>Quid</strong></span> <span class='ocrx_word' id='word_1_194' title='bbox 907 2899 993 2961; x_wconf 91' lang='lat' dir='ltr'><strong>enim</strong></span> <span class='ocrx_word' id='word_1_195' title='bbox 1016 2899 1076 2962; x_wconf 84' lang='lat' dir='ltr'><strong>tibi</strong></span> <span class='ocrx_word' id='word_1_196' title='bbox 1099 2920 1119 2963; x_wconf 88' lang='lat' dir='ltr'><strong>a</strong></span> 
     </span>
     <span class='ocr_line' id='line_1_30' title="bbox 164 2985 1118 3070; baseline 0.001 -21"><span class='ocrx_word' id='word_1_197' title='bbox 164 3005 216 3049; x_wconf 88' lang='lat' dir='ltr'><strong>me</strong></span> <span class='ocrx_word' id='word_1_198' title='bbox 238 2985 396 3049; x_wconf 88' lang='lat' dir='ltr'><strong>tributum</strong></span> <span class='ocrx_word' id='word_1_199' title='bbox 410 2988 467 3068; x_wconf 87' lang='lat' dir='ltr'><strong>est,</strong></span> <span class='ocrx_word' id='word_1_200' title='bbox 489 2987 602 3069; x_wconf 90' lang='lat' dir='ltr'><strong>inquo</strong></span> <span class='ocrx_word' id='word_1_201' title='bbox 626 3006 819 3070; x_wconf 87' lang='lat' dir='ltr'><strong>cognoscere</strong></span> <span class='ocrx_word' id='word_1_202' title='bbox 833 2985 985 3068; x_wconf 90' lang='lat' dir='ltr'><strong>potueris,</strong></span> <span class='ocrx_word' id='word_1_203' title='bbox 1005 2986 1118 3068; x_wconf 90' lang='lat' dir='ltr'><strong>quanti</strong></span> 
     </span>
     <span class='ocr_line' id='line_1_31' title="bbox 164 3071 1119 3157; baseline 0.002 -22"><span class='ocrx_word' id='word_1_204' title='bbox 164 3076 197 3136; x_wconf 90' lang='lat' dir='ltr'><strong>te</strong></span> <span class='ocrx_word' id='word_1_205' title='bbox 224 3071 342 3137; x_wconf 88' lang='lat' dir='ltr'><strong>faciam</strong></span> <span class='ocrx_word' id='word_1_206' title='bbox 369 3075 427 3137; x_wconf 91' lang='lat' dir='ltr'><strong>aut</strong></span> <span class='ocrx_word' id='word_1_207' title='bbox 452 3075 609 3157; x_wconf 89' lang='lat' dir='ltr'><strong>quantum</strong></span> <span class='ocrx_word' id='word_1_208' title='bbox 636 3076 693 3136; x_wconf 89' lang='lat' dir='ltr'><strong>tua</strong></span> <span class='ocrx_word' id='word_1_209' title='bbox 720 3093 833 3137; x_wconf 86' lang='lat' dir='ltr'><strong>caussa</strong></span> <span class='ocrx_word' id='word_1_210' title='bbox 859 3071 1009 3156; x_wconf 80' lang='lat' dir='ltr'><strong>cupiam?</strong></span> <span class='ocrx_word' id='word_1_211' title='bbox 1045 3094 1119 3138; x_wconf 92' lang='lat' dir='ltr'><strong>cum</strong></span> 
     </span>
     <span class='ocr_line' id='line_1_32' title="bbox 164 3159 1118 3246; baseline 0.001 -22"><span class='ocrx_word' id='word_1_212' title='bbox 164 3161 233 3243; x_wconf 88' lang='lat' dir='ltr'><strong>ipse</strong></span> <span class='ocrx_word' id='word_1_213' title='bbox 257 3163 371 3228; x_wconf 79' lang='lat' dir='ltr'><strong>contra</strong></span> <span class='ocrx_word' id='word_1_214' title='bbox 391 3163 460 3225; x_wconf 76' lang='lat' dir='ltr'><strong>am</strong></span> <span class='ocrx_word' id='word_1_215' title='bbox 473 3160 585 3226; x_wconf 90' lang='lat' dir='ltr'><strong>multis</strong></span> <span class='ocrx_word' id='word_1_216' title='bbox 606 3163 737 3246; x_wconf 87' lang='lat' dir='ltr'><strong>tamque</strong></span> <span class='ocrx_word' id='word_1_217' title='bbox 756 3159 935 3226; x_wconf 87' lang='lat' dir='ltr'><strong>illustribus</strong></span> <span class='ocrx_word' id='word_1_218' title='bbox 949 3182 1118 3246; x_wconf 88' lang='lat' dir='ltr'><strong>argumen-</strong></span> 
     </span>
     <span class='ocr_line' id='line_1_33' title="bbox 164 3248 1117 3334; baseline 0.003 -23"><span class='ocrx_word' id='word_1_219' title='bbox 164 3248 207 3311; x_wconf 90' lang='lat' dir='ltr'><strong>tis</strong></span> <span class='ocrx_word' id='word_1_220' title='bbox 230 3250 320 3314; x_wconf 88' lang='lat' dir='ltr'><strong>tuam</strong></span> <span class='ocrx_word' id='word_1_221' title='bbox 343 3269 421 3334; x_wconf 87' lang='lat' dir='ltr'><strong>erga</strong></span> <span class='ocrx_word' id='word_1_222' title='bbox 442 3269 494 3312; x_wconf 89' lang='lat' dir='ltr'><strong>me</strong></span> <span class='ocrx_word' id='word_1_223' title='bbox 507 3249 707 3313; x_wconf 84' lang='lat' dir='ltr'><strong>voluntatem</strong></span> <span class='ocrx_word' id='word_1_224' title='bbox 725 3249 949 3334; x_wconf 86' lang='lat' dir='ltr'><strong>perspexerim,</strong></span> <span class='ocrx_word' id='word_1_225' title='bbox 971 3252 1008 3312; x_wconf 92' lang='lat' dir='ltr'><strong>ut</strong></span> <span class='ocrx_word' id='word_1_226' title='bbox 1031 3253 1117 3314; x_wconf 88' lang='lat' dir='ltr'><strong>certo</strong></span> 
     </span>
     <span class='ocr_line' id='line_1_34' title="bbox 166 3335 1118 3422; baseline 0 -23"><span class='ocrx_word' id='word_1_227' title='bbox 166 3335 274 3420; x_wconf 86' lang='lat' dir='ltr'><strong>sciam,</strong></span> <span class='ocrx_word' id='word_1_228' title='bbox 296 3358 368 3402; x_wconf 90' lang='lat' dir='ltr'><strong>cum</strong></span> <span class='ocrx_word' id='word_1_229' title='bbox 391 3339 547 3422; x_wconf 90' lang='lat' dir='ltr'><strong>quantum</strong></span> <span class='ocrx_word' id='word_1_230' title='bbox 561 3337 735 3420; x_wconf 89' lang='lat' dir='ltr'><strong>plurimum</strong></span> <span class='ocrx_word' id='word_1_231' title='bbox 757 3340 892 3422; x_wconf 91' lang='lat' dir='ltr'><strong>potuero</strong></span> <span class='ocrx_word' id='word_1_232' title='bbox 915 3337 1118 3420; x_wconf 83' lang='lat' dir='ltr'><strong>dispunxero,</strong></span> 
     </span>
     <span class='ocr_line' id='line_1_35' title="bbox 166 3422 1118 3510; baseline -0.001 -23"><span class='ocrx_word' id='word_1_233' title='bbox 166 3443 292 3508; x_wconf 88' lang='lat' dir='ltr'><strong>semper</strong></span> <span class='ocrx_word' id='word_1_234' title='bbox 318 3427 429 3488; x_wconf 88' lang='lat' dir='ltr'><strong>tamen</strong></span> <span class='ocrx_word' id='word_1_235' title='bbox 464 3426 538 3508; x_wconf 87' lang='lat' dir='ltr'><strong>plus</strong></span> <span class='ocrx_word' id='word_1_236' title='bbox 568 3425 684 3510; x_wconf 90' lang='lat' dir='ltr'><strong>reliqui</strong></span> <span class='ocrx_word' id='word_1_237' title='bbox 714 3425 793 3490; x_wconf 87' lang='lat' dir='ltr'><strong>fore.</strong></span> <span class='ocrx_word' id='word_1_238' title='bbox 843 3422 906 3490; x_wconf 80' lang='lat' dir='ltr'><strong>sed</strong></span> <span class='ocrx_word' id='word_1_239' title='bbox 932 3424 1118 3488; x_wconf 89' lang='lat' dir='ltr'><strong>omittamus</strong></span> 
     </span>
     <span class='ocr_line' id='line_1_36' title="bbox 167 3509 1119 3596; baseline -0.004 -20"><span class='ocrx_word' id='word_1_240' title='bbox 167 3509 255 3578; x_wconf 85' lang='lat' dir='ltr'><strong>haee.</strong></span> <span class='ocrx_word' id='word_1_241' title='bbox 309 3511 340 3576; x_wconf 87' lang='grc' dir='ltr'><strong>Α</strong></span> <span class='ocrx_word' id='word_1_242' title='bbox 371 3510 498 3578; x_wconf 84' lang='lat' dir='ltr'><strong>Tiberio</strong></span> <span class='ocrx_word' id='word_1_243' title='bbox 533 3515 591 3578; x_wconf 88' lang='lat' dir='ltr'><strong>tuo</strong></span> <span class='ocrx_word' id='word_1_244' title='bbox 628 3515 751 3596; x_wconf 85' lang='lat' dir='ltr'><strong>septem</strong></span> <span class='ocrx_word' id='word_1_245' title='bbox 781 3512 893 3577; x_wconf 82' lang='lat' dir='ltr'><strong>insitis</strong></span> <span class='ocrx_word' id='word_1_246' title='bbox 928 3511 1048 3593; x_wconf 87' lang='lat' dir='ltr'><strong>accepi,</strong></span> <span class='ocrx_word' id='word_1_247' title='bbox 1081 3510 1119 3573; x_wconf 93' lang='lat' dir='ltr'><strong>de</strong></span> 
     </span>
    </p>

    <p class='ocr_par' dir='ltr' id='par_1_6' title="bbox 871 3607 906 3666">
     <span class='ocr_line' id='line_1_37' title="bbox 871 3607 906 3666; baseline 0 -25"><span class='ocrx_word' id='word_1_248' title='bbox 871 3607 906 3666; x_wconf 61' lang='lat'><strong>52</strong></span> 
     </span>
    </p>
   </div>
   <div class='ocr_carea' id='block_1_6' title="bbox 0 0 1344 3910">
    <p class='ocr_par' dir='ltr' id='par_1_7' title="bbox 0 0 1344 3910">
     <span class='ocr_line' id='line_1_38' title="bbox 0 0 1344 3910; baseline 0 0"><span class='ocrx_word' id='word_1_249' title='bbox 0 0 1344 3910; x_wconf 95' lang='lat' dir='ltr'><strong> </strong></span> 
     </span>
    </p>
   </div>
  </div>
 </body>
</html>
