<?xml version="1.0" encoding="UTF-8"?>
<!DOCTYPE html PUBLIC "-//W3C//DTD XHTML 1.0 Transitional//EN"
    "http://www.w3.org/TR/xhtml1/DTD/xhtml1-transitional.dtd">
<html xmlns="http://www.w3.org/1999/xhtml" xml:lang="en" lang="en">
 <head>
  <title>
</title>
<meta http-equiv="Content-Type" content="text/html;charset=utf-8" />
  <meta name='ocr-system' content='tesseract 3.04.00' />
  <meta name='ocr-capabilities' content='ocr_page ocr_carea ocr_par ocr_line ocrx_word'/>
</head>
<body>
  <div class='ocr_page' id='page_1' title='image "./scriptaselecta01muregoog_0197.png"; bbox 0 0 2658 3914; ppageno 0'>
   <div class='ocr_carea' id='block_1_1' title="bbox 629 225 833 280">
    <p class='ocr_par' dir='ltr' id='par_1_1' title="bbox 629 225 833 280">
     <span class='ocr_line' id='line_1_1' title="bbox 629 225 833 280; baseline 0 0"><span class='ocrx_word' id='word_1_1' title='bbox 629 225 711 280; x_wconf 84' lang='lat' dir='ltr'><strong>VAR.</strong></span> <span class='ocrx_word' id='word_1_2' title='bbox 731 225 833 280; x_wconf 81' lang='lat' dir='ltr'>LECT.</span> 
     </span>
    </p>
   </div>
   <div class='ocr_carea' id='block_1_2' title="bbox 605 471 852 540">
    <p class='ocr_par' dir='ltr' id='par_1_2' title="bbox 605 471 852 540">
     <span class='ocr_line' id='line_1_2' title="bbox 605 471 852 540; baseline -0.04 -2"><span class='ocrx_word' id='word_1_3' title='bbox 605 471 747 540; x_wconf 75' lang='lat' dir='ltr'>CAPUT</span> <span class='ocrx_word' id='word_1_4' title='bbox 769 471 852 536; x_wconf 91' lang='lat' dir='ltr'>LIV.</span> 
     </span>
    </p>
   </div>
   <div class='ocr_carea' id='block_1_3' title="bbox 253 591 1312 662">
    <p class='ocr_par' dir='ltr' id='par_1_3' title="bbox 253 591 1312 662">
     <span class='ocr_line' id='line_1_3' title="bbox 253 591 1312 662; baseline -0.004 -10"><span class='ocrx_word' id='word_1_5' title='bbox 253 596 326 652; x_wconf 83' lang='lat' dir='ltr'><strong>CUR</strong></span> <span class='ocrx_word' id='word_1_6' title='bbox 345 593 463 648; x_wconf 85' lang='lat' dir='ltr'><strong>MAIOR</strong></span> <span class='ocrx_word' id='word_1_7' title='bbox 484 593 524 646; x_wconf 90' lang='lat' dir='ltr'><strong>IN</strong></span> <span class='ocrx_word' id='word_1_8' title='bbox 546 592 760 648; x_wconf 84' lang='lat' dir='ltr'><strong>NONNULLIS</strong></span> <span class='ocrx_word' id='word_1_9' title='bbox 780 591 1022 662; x_wconf 83' lang='lat' dir='ltr'><strong>CIVITATIBUS,</strong></span> <span class='ocrx_word' id='word_1_10' title='bbox 1047 593 1151 658; x_wconf 77' lang='lat' dir='ltr'>QUAM</span> <span class='ocrx_word' id='word_1_11' title='bbox 1170 595 1214 648; x_wconf 89' lang='lat' dir='ltr'><strong>IN</strong></span> <span class='ocrx_word' id='word_1_12' title='bbox 1311 591 1312 660; x_wconf 55' lang='grc' dir='ltr'>ζ</span> 
     </span>
    </p>
   </div>
   <div class='ocr_carea' id='block_1_4' title="bbox 254 678 1211 824">
    <p class='ocr_par' dir='ltr' id='par_1_4' title="bbox 254 678 1211 824">
     <span class='ocr_line' id='line_1_4' title="bbox 254 678 1211 751; baseline 0 -15"><span class='ocrx_word' id='word_1_13' title='bbox 254 683 357 751; x_wconf 83' lang='lat' dir='ltr'>ALIIS,</span> <span class='ocrx_word' id='word_1_14' title='bbox 376 681 556 736; x_wconf 82' lang='lat' dir='ltr'>EXISTERE</span> <span class='ocrx_word' id='word_1_15' title='bbox 571 679 738 735; x_wconf 83' lang='lat' dir='ltr'>FORTIUM</span> <span class='ocrx_word' id='word_1_16' title='bbox 750 678 920 735; x_wconf 87' lang='lat' dir='ltr'>VIRORUM</span> <span class='ocrx_word' id='word_1_17' title='bbox 934 679 1042 735; x_wconf 86' lang='lat' dir='ltr'><strong>COPIA</strong></span> <span class='ocrx_word' id='word_1_18' title='bbox 1057 681 1211 751; x_wconf 68' lang='lat' dir='ltr'><strong>Soanas,</strong></span> 
     </span>
     <span class='ocr_line' id='line_1_5' title="bbox 444 767 1008 824; baseline 0 -1"><span class='ocrx_word' id='word_1_19' title='bbox 444 769 496 823; x_wconf 83' lang='lat' dir='ltr'><strong>EX</strong></span> <span class='ocrx_word' id='word_1_20' title='bbox 514 767 744 823; x_wconf 80' lang='lat' dir='ltr'><strong>HIPPOCRATE</strong></span> <span class='ocrx_word' id='word_1_21' title='bbox 763 767 1008 824; x_wconf 82' lang='lat' dir='ltr'><strong>EXPLICATUM.</strong></span> 
     </span>
    </p>
   </div>
   <div class='ocr_carea' id='block_1_5' title="bbox 252 893 1210 1154">
    <p class='ocr_par' dir='ltr' id='par_1_5' title="bbox 252 893 1210 1154">
     <span class='ocr_line' id='line_1_6' title="bbox 320 893 1210 977; baseline 0.003 -19"><span class='ocrx_word' id='word_1_22' title='bbox 320 895 412 971; x_wconf 86' lang='lat' dir='ltr'><strong>Quod</strong></span> <span class='ocrx_word' id='word_1_23' title='bbox 434 895 515 959; x_wconf 91' lang='lat' dir='ltr'><strong>lauti</strong></span> <span class='ocrx_word' id='word_1_24' title='bbox 538 916 575 960; x_wconf 88' lang='lat' dir='ltr'><strong>ac</strong></span> <span class='ocrx_word' id='word_1_25' title='bbox 598 895 778 977; x_wconf 73' lang='lat' dir='ltr'><strong>sumptuosi</strong></span> <span class='ocrx_word' id='word_1_26' title='bbox 805 893 953 958; x_wconf 88' lang='lat' dir='ltr'><strong>homines</strong></span> <span class='ocrx_word' id='word_1_27' title='bbox 979 895 1086 960; x_wconf 87' lang='lat' dir='ltr'><strong>facere</strong></span> <span class='ocrx_word' id='word_1_28' title='bbox 1108 897 1144 960; x_wconf 88' lang='lat' dir='ltr'><strong>in</strong></span> <span class='ocrx_word' id='word_1_29' title='bbox 1168 899 1210 961; x_wconf 93' lang='lat' dir='ltr'><strong>ci-</strong></span> 
     </span>
     <span class='ocr_line' id='line_1_7' title="bbox 253 982 1209 1067; baseline -0.001 -18"><span class='ocrx_word' id='word_1_30' title='bbox 253 985 301 1049; x_wconf 91' lang='lat' dir='ltr'><strong>bis</strong></span> <span class='ocrx_word' id='word_1_31' title='bbox 317 984 435 1066; x_wconf 87' lang='lat' dir='ltr'><strong>solent,</strong></span> <span class='ocrx_word' id='word_1_32' title='bbox 458 987 495 1046; x_wconf 88' lang='lat' dir='ltr'><strong>ut</strong></span> <span class='ocrx_word' id='word_1_33' title='bbox 517 983 566 1066; x_wconf 89' lang='lat' dir='ltr'><strong>iis,</strong></span> <span class='ocrx_word' id='word_1_34' title='bbox 590 1004 671 1067; x_wconf 88' lang='lat' dir='ltr'><strong>quae</strong></span> <span class='ocrx_word' id='word_1_35' title='bbox 684 983 720 1044; x_wconf 92' lang='lat' dir='ltr'><strong>in</strong></span> <span class='ocrx_word' id='word_1_36' title='bbox 733 982 815 1045; x_wconf 93' lang='lat' dir='ltr'><strong>mari</strong></span> <span class='ocrx_word' id='word_1_37' title='bbox 836 985 1022 1066; x_wconf 88' lang='lat' dir='ltr'><strong>nascuntur,</strong></span> <span class='ocrx_word' id='word_1_38' title='bbox 1045 985 1150 1067; x_wconf 84' lang='lat' dir='ltr'><strong>magis</strong></span> <span class='ocrx_word' id='word_1_39' title='bbox 1173 985 1209 1048; x_wconf 91' lang='lat' dir='ltr'><strong>in</strong></span> 
     </span>
     <span class='ocr_line' id='line_1_8' title="bbox 252 1069 1209 1154; baseline 0 -18"><span class='ocrx_word' id='word_1_40' title='bbox 252 1072 491 1136; x_wconf 87' lang='lat' dir='ltr'><strong>mediterraneis</strong></span> <span class='ocrx_word' id='word_1_41' title='bbox 528 1093 624 1154; x_wconf 88' lang='lat' dir='ltr'><strong>quam</strong></span> <span class='ocrx_word' id='word_1_42' title='bbox 655 1070 690 1133; x_wconf 95' lang='lat' dir='ltr'><strong>in</strong></span> <span class='ocrx_word' id='word_1_43' title='bbox 721 1069 890 1134; x_wconf 73' lang='lat' dir='ltr'><strong>maritimis</strong></span> <span class='ocrx_word' id='word_1_44' title='bbox 923 1071 1002 1135; x_wconf 90' lang='lat' dir='ltr'><strong>locis</strong></span> <span class='ocrx_word' id='word_1_45' title='bbox 1030 1073 1209 1154; x_wconf 76' lang='lat' dir='ltr'>gaudeant:</span> 
     </span>
    </p>
   </div>
   <div class='ocr_carea' id='block_1_6' title="bbox 251 1158 1312 1243">
    <p class='ocr_par' dir='ltr' id='par_1_6' title="bbox 251 1158 1312 1243">
     <span class='ocr_line' id='line_1_9' title="bbox 251 1158 1312 1243; baseline 0 -19"><span class='ocrx_word' id='word_1_46' title='bbox 251 1164 426 1243; x_wconf 77' lang='lat' dir='ltr'>contraque</span> <span class='ocrx_word' id='word_1_47' title='bbox 454 1180 527 1223; x_wconf 91' lang='lat' dir='ltr'><strong>oum</strong></span> <span class='ocrx_word' id='word_1_48' title='bbox 548 1159 584 1222; x_wconf 91' lang='lat' dir='ltr'><strong>in</strong></span> <span class='ocrx_word' id='word_1_49' title='bbox 606 1158 688 1221; x_wconf 91' lang='lat' dir='ltr'><strong>mari</strong></span> <span class='ocrx_word' id='word_1_50' title='bbox 710 1161 892 1240; x_wconf 86' lang='lat' dir='ltr'><strong>versantur,</strong></span> <span class='ocrx_word' id='word_1_51' title='bbox 914 1158 953 1222; x_wconf 91' lang='lat' dir='ltr'><strong>iis</strong></span> <span class='ocrx_word' id='word_1_52' title='bbox 976 1162 1149 1223; x_wconf 75' lang='lat' dir='ltr'><strong>vescantur</strong></span> <span class='ocrx_word' id='word_1_53' title='bbox 1171 1161 1208 1224; x_wconf 89' lang='lat' dir='ltr'><strong>li·</strong></span> <span class='ocrx_word' id='word_1_54' title='bbox 1311 1173 1312 1178; x_wconf 76' lang='grc'>’</span> 
     </span>
    </p>
   </div>
   <div class='ocr_carea' id='block_1_7' title="bbox 249 1246 1209 2736">
    <p class='ocr_par' dir='ltr' id='par_1_7' title="bbox 249 1246 1209 2736">
     <span class='ocr_line' id='line_1_10' title="bbox 252 1246 1209 1332; baseline 0 -20"><span class='ocrx_word' id='word_1_55' title='bbox 252 1248 394 1329; x_wconf 88' lang='lat' dir='ltr'><strong>bentius,</strong></span> <span class='ocrx_word' id='word_1_56' title='bbox 418 1268 499 1329; x_wconf 88' lang='lat' dir='ltr'><strong>quae</strong></span> <span class='ocrx_word' id='word_1_57' title='bbox 521 1246 586 1310; x_wconf 92' lang='lat' dir='ltr'><strong>nisi</strong></span> <span class='ocrx_word' id='word_1_58' title='bbox 608 1246 644 1308; x_wconf 88' lang='lat' dir='ltr'><strong>in</strong></span> <span class='ocrx_word' id='word_1_59' title='bbox 666 1246 846 1310; x_wconf 89' lang='lat' dir='ltr'><strong>continenti</strong></span> <span class='ocrx_word' id='word_1_60' title='bbox 859 1247 993 1328; x_wconf 90' lang='lat' dir='ltr'><strong>reperiri</strong></span> <span class='ocrx_word' id='word_1_61' title='bbox 1005 1268 1073 1311; x_wconf 87' lang='lat' dir='ltr'><strong>non</strong></span> <span class='ocrx_word' id='word_1_62' title='bbox 1093 1249 1209 1332; x_wconf 82' lang='lat' dir='ltr'><strong>solent,</strong></span> 
     </span>
     <span class='ocr_line' id='line_1_11' title="bbox 254 1333 1209 1417; baseline 0.003 -18"><span class='ocrx_word' id='word_1_63' title='bbox 254 1339 288 1399; x_wconf 89' lang='lat' dir='ltr'><strong>ut</strong></span> <span class='ocrx_word' id='word_1_64' title='bbox 316 1335 388 1417; x_wconf 88' lang='lat' dir='ltr'><strong>ipsa</strong></span> <span class='ocrx_word' id='word_1_65' title='bbox 415 1334 628 1417; x_wconf 84' lang='lat' dir='ltr'><strong>peregrinitas</strong></span> <span class='ocrx_word' id='word_1_66' title='bbox 655 1354 714 1415; x_wconf 90' lang='lat' dir='ltr'><strong>pro</strong></span> <span class='ocrx_word' id='word_1_67' title='bbox 742 1333 946 1398; x_wconf 86' lang='lat' dir='ltr'><strong>condimento</strong></span> <span class='ocrx_word' id='word_1_68' title='bbox 975 1356 1043 1399; x_wconf 88' lang='lat' dir='ltr'><strong>esse</strong></span> <span class='ocrx_word' id='word_1_69' title='bbox 1067 1338 1100 1398; x_wconf 88' lang='lat' dir='ltr'><strong>et</strong></span> <span class='ocrx_word' id='word_1_70' title='bbox 1126 1336 1209 1402; x_wconf 83' lang='lat' dir='ltr'><strong>cibis</strong></span> 
     </span>
     <span class='ocr_line' id='line_1_12' title="bbox 250 1421 1208 1506; baseline 0.003 -20"><span class='ocrx_word' id='word_1_71' title='bbox 250 1423 456 1506; x_wconf 86' lang='lat' dir='ltr'><strong>praeeipuam</strong></span> <span class='ocrx_word' id='word_1_72' title='bbox 484 1421 646 1505; x_wconf 86' lang='lat' dir='ltr'><strong>quandam</strong></span> <span class='ocrx_word' id='word_1_73' title='bbox 678 1421 816 1504; x_wconf 83' lang='lat' dir='ltr'><strong>gratiam</strong></span> <span class='ocrx_word' id='word_1_74' title='bbox 848 1422 1017 1486; x_wconf 86' lang='lat' dir='ltr'><strong>conciliare</strong></span> <span class='ocrx_word' id='word_1_75' title='bbox 1044 1423 1208 1490; x_wconf 86' lang='lat' dir='ltr'><strong>videatur:</strong></span> 
     </span>
     <span class='ocr_line' id='line_1_13' title="bbox 251 1508 1207 1594; baseline 0.001 -20"><span class='ocrx_word' id='word_1_76' title='bbox 251 1511 336 1575; x_wconf 89' lang='lat' dir='ltr'><strong>idem</strong></span> <span class='ocrx_word' id='word_1_77' title='bbox 359 1529 419 1594; x_wconf 81' lang='lat' dir='ltr'><strong>ego</strong></span> <span class='ocrx_word' id='word_1_78' title='bbox 442 1509 477 1573; x_wconf 92' lang='lat' dir='ltr'><strong>in</strong></span> <span class='ocrx_word' id='word_1_79' title='bbox 500 1509 614 1573; x_wconf 88' lang='lat' dir='ltr'><strong>studiis</strong></span> <span class='ocrx_word' id='word_1_80' title='bbox 637 1508 799 1572; x_wconf 86' lang='lat' dir='ltr'><strong>interdum</strong></span> <span class='ocrx_word' id='word_1_81' title='bbox 820 1509 918 1574; x_wconf 84' lang='lat' dir='ltr'><strong>facio:</strong></span> <span class='ocrx_word' id='word_1_82' title='bbox 943 1513 975 1574; x_wconf 88' lang='lat' dir='ltr'><strong>et</strong></span> <span class='ocrx_word' id='word_1_83' title='bbox 998 1511 1025 1574; x_wconf 91' lang='lat' dir='ltr'><strong>si</strong></span> <span class='ocrx_word' id='word_1_84' title='bbox 1049 1511 1126 1594; x_wconf 91' lang='lat' dir='ltr'><strong>quid</strong></span> <span class='ocrx_word' id='word_1_85' title='bbox 1149 1517 1207 1576; x_wconf 89' lang='lat' dir='ltr'><strong>aut</strong></span> 
     </span>
     <span class='ocr_line' id='line_1_14' title="bbox 252 1596 1206 1682; baseline 0.002 -20"><span class='ocrx_word' id='word_1_86' title='bbox 252 1598 337 1682; x_wconf 90' lang='lat' dir='ltr'><strong>apud</strong></span> <span class='ocrx_word' id='word_1_87' title='bbox 364 1597 605 1682; x_wconf 88' lang='lat' dir='ltr'><strong>grammaticos,</strong></span> <span class='ocrx_word' id='word_1_88' title='bbox 636 1596 721 1681; x_wconf 92' lang='lat' dir='ltr'><strong>quod</strong></span> <span class='ocrx_word' id='word_1_89' title='bbox 754 1597 794 1660; x_wconf 91' lang='lat' dir='ltr'><strong>ad</strong></span> <span class='ocrx_word' id='word_1_90' title='bbox 821 1597 871 1660; x_wconf 92' lang='lat' dir='ltr'><strong>ius</strong></span> <span class='ocrx_word' id='word_1_91' title='bbox 899 1597 1004 1680; x_wconf 85' lang='lat' dir='ltr'><strong>civile,</strong></span> <span class='ocrx_word' id='word_1_92' title='bbox 1037 1601 1093 1662; x_wconf 90' lang='lat' dir='ltr'><strong>aut</strong></span> <span class='ocrx_word' id='word_1_93' title='bbox 1120 1601 1206 1682; x_wconf 88' lang='lat' dir='ltr'><strong>apud</strong></span> 
     </span>
     <span class='ocr_line' id='line_1_15' title="bbox 252 1685 1205 1771; baseline 0 -21"><span class='ocrx_word' id='word_1_94' title='bbox 252 1687 414 1771; x_wconf 83' lang='lat' dir='ltr'><strong>physicos,</strong></span> <span class='ocrx_word' id='word_1_95' title='bbox 434 1685 519 1770; x_wconf 89' lang='lat' dir='ltr'><strong>quod</strong></span> <span class='ocrx_word' id='word_1_96' title='bbox 533 1685 573 1748; x_wconf 91' lang='lat' dir='ltr'><strong>ad</strong></span> <span class='ocrx_word' id='word_1_97' title='bbox 586 1685 752 1768; x_wconf 84' lang='lat' dir='ltr'><strong>politicen,</strong></span> <span class='ocrx_word' id='word_1_98' title='bbox 776 1688 832 1748; x_wconf 90' lang='lat' dir='ltr'><strong>aut</strong></span> <span class='ocrx_word' id='word_1_99' title='bbox 846 1685 981 1768; x_wconf 87' lang='lat' dir='ltr'><strong>denique</strong></span> <span class='ocrx_word' id='word_1_100' title='bbox 997 1686 1082 1768; x_wconf 87' lang='lat' dir='ltr'><strong>apud</strong></span> <span class='ocrx_word' id='word_1_101' title='bbox 1096 1709 1205 1770; x_wconf 88' lang='lat' dir='ltr'><strong>quem-</strong></span> 
     </span>
     <span class='ocr_line' id='line_1_16' title="bbox 251 1773 1206 1860; baseline 0.002 -22"><span class='ocrx_word' id='word_1_102' title='bbox 251 1796 326 1860; x_wconf 88' lang='lat' dir='ltr'><strong>que,</strong></span> <span class='ocrx_word' id='word_1_103' title='bbox 350 1774 435 1859; x_wconf 89' lang='lat' dir='ltr'><strong>quod</strong></span> <span class='ocrx_word' id='word_1_104' title='bbox 458 1773 499 1837; x_wconf 88' lang='lat' dir='ltr'><strong>ad</strong></span> <span class='ocrx_word' id='word_1_105' title='bbox 522 1773 618 1837; x_wconf 88' lang='lat' dir='ltr'><strong>aliam</strong></span> <span class='ocrx_word' id='word_1_106' title='bbox 642 1776 744 1837; x_wconf 87' lang='lat' dir='ltr'><strong>artem</strong></span> <span class='ocrx_word' id='word_1_107' title='bbox 768 1794 864 1856; x_wconf 90' lang='lat' dir='ltr'><strong>quam</strong></span> <span class='ocrx_word' id='word_1_108' title='bbox 886 1793 972 1856; x_wconf 86' lang='lat' dir='ltr'><strong>eam,</strong></span> <span class='ocrx_word' id='word_1_109' title='bbox 998 1795 1079 1858; x_wconf 91' lang='lat' dir='ltr'><strong>quae</strong></span> <span class='ocrx_word' id='word_1_110' title='bbox 1102 1775 1143 1838; x_wconf 91' lang='lat' dir='ltr'><strong>ab</strong></span> <span class='ocrx_word' id='word_1_111' title='bbox 1167 1797 1206 1840; x_wconf 92' lang='lat' dir='ltr'><strong>eo</strong></span> 
     </span>
     <span class='ocr_line' id='line_1_17' title="bbox 250 1861 1205 1946; baseline 0 -20"><span class='ocrx_word' id='word_1_112' title='bbox 250 1863 419 1946; x_wconf 89' lang='lat' dir='ltr'><strong>praecipue</strong></span> <span class='ocrx_word' id='word_1_113' title='bbox 446 1864 615 1943; x_wconf 86' lang='lat' dir='ltr'><strong>tractatur,</strong></span> <span class='ocrx_word' id='word_1_114' title='bbox 643 1861 815 1943; x_wconf 85' lang='lat' dir='ltr'><strong>pertineat,</strong></span> <span class='ocrx_word' id='word_1_115' title='bbox 844 1861 982 1944; x_wconf 88' lang='lat' dir='ltr'><strong>reperio,</strong></span> <span class='ocrx_word' id='word_1_116' title='bbox 1012 1883 1049 1926; x_wconf 93' lang='lat' dir='ltr'><strong>eo</strong></span> <span class='ocrx_word' id='word_1_117' title='bbox 1073 1863 1205 1927; x_wconf 88' lang='lat' dir='ltr'><strong>mirifice</strong></span> 
     </span>
     <span class='ocr_line' id='line_1_18' title="bbox 251 1948 1204 2034; baseline 0.001 -20"><span class='ocrx_word' id='word_1_118' title='bbox 251 1951 359 2033; x_wconf 91' lang='lat' dir='ltr'><strong>capior</strong></span> <span class='ocrx_word' id='word_1_119' title='bbox 386 1950 551 2034; x_wconf 87' lang='lat' dir='ltr'><strong>multoque</strong></span> <span class='ocrx_word' id='word_1_120' title='bbox 578 1949 683 2033; x_wconf 82' lang='lat' dir='ltr'><strong>magis</strong></span> <span class='ocrx_word' id='word_1_121' title='bbox 706 1948 841 2031; x_wconf 84' lang='lat' dir='ltr'><strong>afficior,</strong></span> <span class='ocrx_word' id='word_1_122' title='bbox 868 1970 965 2031; x_wconf 88' lang='lat' dir='ltr'><strong>quam</strong></span> <span class='ocrx_word' id='word_1_123' title='bbox 988 1950 1016 2014; x_wconf 89' lang='lat' dir='ltr'><strong>si</strong></span> <span class='ocrx_word' id='word_1_124' title='bbox 1038 1950 1072 2013; x_wconf 87' lang='lat' dir='ltr'><strong>id</strong></span> <span class='ocrx_word' id='word_1_125' title='bbox 1098 1951 1204 2033; x_wconf 89' lang='lat' dir='ltr'><strong>ipsum</strong></span> 
     </span>
     <span class='ocr_line' id='line_1_19' title="bbox 249 2037 1204 2121; baseline 0.003 -20"><span class='ocrx_word' id='word_1_126' title='bbox 249 2037 439 2121; x_wconf 89' lang='lat' dir='ltr'><strong>reperissem</strong></span> <span class='ocrx_word' id='word_1_127' title='bbox 462 2037 547 2120; x_wconf 88' lang='lat' dir='ltr'><strong>apud</strong></span> <span class='ocrx_word' id='word_1_128' title='bbox 570 2037 669 2101; x_wconf 91' lang='lat' dir='ltr'><strong>alium</strong></span> <span class='ocrx_word' id='word_1_129' title='bbox 691 2037 892 2120; x_wconf 86' lang='lat' dir='ltr'><strong>scriptorem,</strong></span> <span class='ocrx_word' id='word_1_130' title='bbox 914 2037 1004 2102; x_wconf 89' lang='lat' dir='ltr'><strong>cuius</strong></span> <span class='ocrx_word' id='word_1_131' title='bbox 1027 2058 1066 2101; x_wconf 88' lang='lat' dir='ltr'><strong>ea</strong></span> <span class='ocrx_word' id='word_1_132' title='bbox 1087 2041 1204 2104; x_wconf 85' lang='lat' dir='ltr'><strong>tracta-</strong></span> 
     </span>
     <span class='ocr_line' id='line_1_20' title="bbox 249 2124 1205 2209; baseline 0.001 -20"><span class='ocrx_word' id='word_1_133' title='bbox 249 2126 296 2190; x_wconf 91' lang='lat' dir='ltr'><strong>tio</strong></span> <span class='ocrx_word' id='word_1_134' title='bbox 319 2126 450 2209; x_wconf 89' lang='lat' dir='ltr'><strong>propria</strong></span> <span class='ocrx_word' id='word_1_135' title='bbox 464 2128 557 2190; x_wconf 89' lang='lat' dir='ltr'><strong>esset.</strong></span> <span class='ocrx_word' id='word_1_136' title='bbox 593 2124 639 2189; x_wconf 93' lang='lat' dir='ltr'><strong>Ut</strong></span> <span class='ocrx_word' id='word_1_137' title='bbox 661 2146 773 2208; x_wconf 87' lang='lat' dir='ltr'><strong>nuper,</strong></span> <span class='ocrx_word' id='word_1_138' title='bbox 795 2146 868 2188; x_wconf 93' lang='lat' dir='ltr'><strong>cum</strong></span> <span class='ocrx_word' id='word_1_139' title='bbox 882 2124 1102 2208; x_wconf 88' lang='lat' dir='ltr'><strong>quaestionem</strong></span> <span class='ocrx_word' id='word_1_140' title='bbox 1124 2128 1205 2209; x_wconf 91' lang='lat' dir='ltr'><strong>poli-</strong></span> 
     </span>
     <span class='ocr_line' id='line_1_21' title="bbox 250 2212 1204 2297; baseline 0.001 -20"><span class='ocrx_word' id='word_1_141' title='bbox 250 2215 360 2297; x_wconf 86' lang='lat' dir='ltr'><strong>ticam,</strong></span> <span class='ocrx_word' id='word_1_142' title='bbox 384 2216 416 2277; x_wconf 90' lang='lat' dir='ltr'><strong>ct</strong></span> <span class='ocrx_word' id='word_1_143' title='bbox 429 2213 540 2297; x_wconf 86' lang='lat' dir='ltr'><strong>magni</strong></span> <span class='ocrx_word' id='word_1_144' title='bbox 553 2212 682 2296; x_wconf 88' lang='lat' dir='ltr'><strong>quidem</strong></span> <span class='ocrx_word' id='word_1_145' title='bbox 694 2212 863 2294; x_wconf 89' lang='lat' dir='ltr'><strong>momenti,</strong></span> <span class='ocrx_word' id='word_1_146' title='bbox 877 2212 1071 2296; x_wconf 88' lang='lat' dir='ltr'><strong>deprehendi</strong></span> <span class='ocrx_word' id='word_1_147' title='bbox 1084 2236 1104 2278; x_wconf 91' lang='lat' dir='ltr'><strong>a</strong></span> <span class='ocrx_word' id='word_1_148' title='bbox 1117 2215 1204 2297; x_wconf 92' lang='lat' dir='ltr'><strong>prin-</strong></span> 
     </span>
     <span class='ocr_line' id='line_1_22' title="bbox 250 2299 1203 2385; baseline 0 -18"><span class='ocrx_word' id='word_1_149' title='bbox 250 2303 320 2385; x_wconf 89' lang='lat' dir='ltr'><strong>cipe</strong></span> <span class='ocrx_word' id='word_1_150' title='bbox 343 2301 537 2366; x_wconf 90' lang='lat' dir='ltr'><strong>medioorum</strong></span> <span class='ocrx_word' id='word_1_151' title='bbox 559 2299 757 2383; x_wconf 88' lang='lat' dir='ltr'><strong>Hippocrate</strong></span> <span class='ocrx_word' id='word_1_152' title='bbox 783 2301 948 2364; x_wconf 79' lang='lat' dir='ltr'><strong>verissime</strong></span> <span class='ocrx_word' id='word_1_153' title='bbox 976 2322 1012 2364; x_wconf 85' lang='lat' dir='ltr'><strong>ac</strong></span> <span class='ocrx_word' id='word_1_154' title='bbox 1036 2301 1203 2384; x_wconf 89' lang='lat' dir='ltr'><strong>sapientis-</strong></span> 
     </span>
     <span class='ocr_line' id='line_1_23' title="bbox 251 2385 1205 2473; baseline 0.001 -20"><span class='ocrx_word' id='word_1_155' title='bbox 251 2391 330 2453; x_wconf 91' lang='lat' dir='ltr'><strong>sime</strong></span> <span class='ocrx_word' id='word_1_156' title='bbox 345 2389 545 2472; x_wconf 85' lang='lat' dir='ltr'><strong>explieatam.</strong></span> <span class='ocrx_word' id='word_1_157' title='bbox 577 2385 658 2452; x_wconf 81' lang='lat' dir='ltr'><strong>Cum</strong></span> <span class='ocrx_word' id='word_1_158' title='bbox 673 2387 759 2450; x_wconf 89' lang='lat' dir='ltr'><strong>enim</strong></span> <span class='ocrx_word' id='word_1_159' title='bbox 772 2390 898 2452; x_wconf 88' lang='lat' dir='ltr'><strong>constet</strong></span> <span class='ocrx_word' id='word_1_160' title='bbox 910 2389 1065 2453; x_wconf 88' lang='lat' dir='ltr'><strong>maiorem</strong></span> <span class='ocrx_word' id='word_1_161' title='bbox 1079 2390 1205 2473; x_wconf 89' lang='lat' dir='ltr'><strong>copiam</strong></span> 
     </span>
     <span class='ocr_line' id='line_1_24' title="bbox 251 2475 1203 2576; baseline 0.001 -36"><span class='ocrx_word' id='word_1_162' title='bbox 251 2478 390 2542; x_wconf 87' lang='lat' dir='ltr'><strong>virorum</strong></span> <span class='ocrx_word' id='word_1_163' title='bbox 416 2476 549 2540; x_wconf 82' lang='lat' dir='ltr'><strong>fortium</strong></span> <span class='ocrx_word' id='word_1_164' title='bbox 576 2475 710 2538; x_wconf 84' lang='lat' dir='ltr'><strong>existere</strong></span> <span class='ocrx_word' id='word_1_165' title='bbox 734 2475 835 2576; x_wconf 82' lang='lat' dir='ltr'><strong>solere</strong></span> <span class='ocrx_word' id='word_1_166' title='bbox 857 2476 893 2539; x_wconf 91' lang='lat' dir='ltr'><strong>in</strong></span> <span class='ocrx_word' id='word_1_167' title='bbox 920 2476 1104 2541; x_wconf 82' lang='lat' dir='ltr'><strong>civitatibus</strong></span> <span class='ocrx_word' id='word_1_168' title='bbox 1126 2478 1203 2542; x_wconf 86' lang='lat' dir='ltr'><strong>libe-</strong></span> 
     </span>
     <span class='ocr_line' id='line_1_25' title="bbox 249 2563 1203 2736; baseline 0.003 -22"><span class='ocrx_word' id='word_1_169' title='bbox 249 2586 293 2714; x_wconf 69' lang='lat' dir='ltr'><strong>t</strong></span> <span class='ocrx_word' id='word_1_170' title='bbox 300 2584 508 2715; x_wconf 48' lang='lat' dir='ltr'><strong>&#39;attii</strong></span> <span class='ocrx_word' id='word_1_171' title='bbox 522 2563 1203 2736; x_wconf 55' lang='lat' dir='ltr'><strong>rainutius,titulusita</strong></span> 
     </span>
    </p>
   </div>
   <div class='ocr_carea' id='block_1_8' title="bbox 249 2738 1312 2834">
    <p class='ocr_par' dir='ltr' id='par_1_8' title="bbox 249 2738 1312 2834">
     <span class='ocr_line' id='line_1_26' title="bbox 249 2738 1312 2834; baseline 0.003 -32"><span class='ocrx_word' id='word_1_172' title='bbox 249 2739 391 2822; x_wconf 80' lang='lat' dir='ltr'><strong>menses,</strong></span> <span class='ocrx_word' id='word_1_173' title='bbox 414 2739 697 2821; x_wconf 86' lang='lat' dir='ltr'><strong>Lacedaemonios,</strong></span> <span class='ocrx_word' id='word_1_174' title='bbox 724 2738 903 2823; x_wconf 81' lang='lat' dir='ltr'><strong>Romanos,</strong></span> <span class='ocrx_word' id='word_1_175' title='bbox 925 2761 1022 2824; x_wconf 88' lang='lat' dir='ltr'><strong>quam</strong></span> <span class='ocrx_word' id='word_1_176' title='bbox 1044 2739 1205 2825; x_wconf 82' lang='lat' dir='ltr'><strong>Assyrios,</strong></span> <span class='ocrx_word' id='word_1_177' title='bbox 1309 2817 1312 2834; x_wconf 55' lang='lat'><strong>,</strong></span> 
     </span>
    </p>
   </div>
   <div class='ocr_carea' id='block_1_9' title="bbox 179 2825 1206 3613">
    <p class='ocr_par' dir='ltr' id='par_1_9' title="bbox 179 2825 1206 3613">
     <span class='ocr_line' id='line_1_27' title="bbox 249 2825 1204 2912; baseline 0.001 -21"><span class='ocrx_word' id='word_1_178' title='bbox 249 2826 378 2910; x_wconf 90' lang='lat' dir='ltr'><strong>Persas,</strong></span> <span class='ocrx_word' id='word_1_179' title='bbox 400 2825 521 2911; x_wconf 90' lang='lat' dir='ltr'><strong>Medos,</strong></span> <span class='ocrx_word' id='word_1_180' title='bbox 543 2826 742 2892; x_wconf 83' lang='lat' dir='ltr'><strong>fortitudinis</strong></span> <span class='ocrx_word' id='word_1_181' title='bbox 764 2827 858 2890; x_wconf 85' lang='lat' dir='ltr'><strong>laude</strong></span> <span class='ocrx_word' id='word_1_182' title='bbox 873 2827 1070 2892; x_wconf 86' lang='lat' dir='ltr'><strong>excelluisse:</strong></span> <span class='ocrx_word' id='word_1_183' title='bbox 1094 2830 1204 2912; x_wconf 86' lang='lat' dir='ltr'><strong>quaeri</strong></span> 
     </span>
     <span class='ocr_line' id='line_1_28' title="bbox 249 2914 1202 3000; baseline 0 -22"><span class='ocrx_word' id='word_1_184' title='bbox 249 2937 316 2979; x_wconf 86' lang='lat' dir='ltr'><strong>non</strong></span> <span class='ocrx_word' id='word_1_185' title='bbox 338 2916 456 2979; x_wconf 90' lang='lat' dir='ltr'><strong>iniuria</strong></span> <span class='ocrx_word' id='word_1_186' title='bbox 478 2919 599 3000; x_wconf 89' lang='lat' dir='ltr'><strong>potest,</strong></span> <span class='ocrx_word' id='word_1_187' title='bbox 622 2935 702 2998; x_wconf 85' lang='lat' dir='ltr'><strong>quae</strong></span> <span class='ocrx_word' id='word_1_188' title='bbox 716 2915 749 2979; x_wconf 87' lang='lat' dir='ltr'><strong>id</strong></span> <span class='ocrx_word' id='word_1_189' title='bbox 772 2936 885 2979; x_wconf 86' lang='lat' dir='ltr'><strong>caussa</strong></span> <span class='ocrx_word' id='word_1_190' title='bbox 899 2915 1026 2980; x_wconf 85' lang='lat' dir='ltr'><strong>efficiat.</strong></span> <span class='ocrx_word' id='word_1_191' title='bbox 1070 2914 1128 2979; x_wconf 84' lang='lat' dir='ltr'><strong>Ait</strong></span> <span class='ocrx_word' id='word_1_192' title='bbox 1144 2916 1202 3000; x_wconf 86' lang='lat' dir='ltr'><strong>igi·</strong></span> 
     </span>
     <span class='ocr_line' id='line_1_29' title="bbox 249 3002 1204 3087; baseline 0.002 -21"><span class='ocrx_word' id='word_1_193' title='bbox 249 3007 302 3066; x_wconf 88' lang='lat' dir='ltr'><strong>tur</strong></span> <span class='ocrx_word' id='word_1_194' title='bbox 329 3002 543 3087; x_wconf 89' lang='lat' dir='ltr'><strong>Hippocrates</strong></span> <span class='ocrx_word' id='word_1_195' title='bbox 575 3003 608 3067; x_wconf 91' lang='lat' dir='ltr'><strong>id</strong></span> <span class='ocrx_word' id='word_1_196' title='bbox 640 3024 678 3067; x_wconf 89' lang='lat' dir='ltr'><strong>ex</strong></span> <span class='ocrx_word' id='word_1_197' title='bbox 710 3023 747 3067; x_wconf 89' lang='lat' dir='ltr'><strong>eo</strong></span> <span class='ocrx_word' id='word_1_198' title='bbox 775 3004 914 3085; x_wconf 86' lang='lat' dir='ltr'><strong>evenire,</strong></span> <span class='ocrx_word' id='word_1_199' title='bbox 946 3003 1031 3087; x_wconf 89' lang='lat' dir='ltr'><strong>quod</strong></span> <span class='ocrx_word' id='word_1_200' title='bbox 1057 3003 1204 3068; x_wconf 87' lang='lat' dir='ltr'><strong>homines</strong></span> 
     </span>
     <span class='ocr_line' id='line_1_30' title="bbox 249 3090 1204 3176; baseline 0.002 -22"><span class='ocrx_word' id='word_1_201' title='bbox 249 3113 308 3174; x_wconf 91' lang='lat' dir='ltr'><strong>pro</strong></span> <span class='ocrx_word' id='word_1_202' title='bbox 332 3093 398 3155; x_wconf 89' lang='lat' dir='ltr'><strong>suis</strong></span> <span class='ocrx_word' id='word_1_203' title='bbox 422 3113 517 3175; x_wconf 90' lang='lat' dir='ltr'><strong>quam</strong></span> <span class='ocrx_word' id='word_1_204' title='bbox 539 3113 598 3173; x_wconf 91' lang='lat' dir='ltr'><strong>pro</strong></span> <span class='ocrx_word' id='word_1_205' title='bbox 613 3090 726 3154; x_wconf 86' lang='lat' dir='ltr'><strong>alienis</strong></span> <span class='ocrx_word' id='word_1_206' title='bbox 742 3090 931 3174; x_wconf 90' lang='lat' dir='ltr'><strong>commodis,</strong></span> <span class='ocrx_word' id='word_1_207' title='bbox 953 3113 1012 3174; x_wconf 92' lang='lat' dir='ltr'><strong>pro</strong></span> <span class='ocrx_word' id='word_1_208' title='bbox 1027 3113 1085 3155; x_wconf 90' lang='lat' dir='ltr'><strong>sua</strong></span> <span class='ocrx_word' id='word_1_209' title='bbox 1107 3113 1204 3176; x_wconf 89' lang='lat' dir='ltr'><strong>quam</strong></span> 
     </span>
     <span class='ocr_line' id='line_1_31' title="bbox 249 3178 1204 3280; baseline 0.001 -39"><span class='ocrx_word' id='word_1_210' title='bbox 249 3200 308 3261; x_wconf 94' lang='lat' dir='ltr'><strong>pro</strong></span> <span class='ocrx_word' id='word_1_211' title='bbox 341 3180 444 3242; x_wconf 85' lang='lat' dir='ltr'><strong>aliena</strong></span> <span class='ocrx_word' id='word_1_212' title='bbox 476 3179 578 3279; x_wconf 77' lang='lat' dir='ltr'><strong>gloria</strong></span> <span class='ocrx_word' id='word_1_213' title='bbox 610 3178 706 3262; x_wconf 82' lang='lat' dir='ltr'><strong>longe</strong></span> <span class='ocrx_word' id='word_1_214' title='bbox 731 3179 874 3280; x_wconf 35' lang='lat' dir='ltr'><strong>&#39;alacrius</strong></span> <span class='ocrx_word' id='word_1_215' title='bbox 905 3182 1001 3263; x_wconf 88' lang='lat' dir='ltr'><strong>atque</strong></span> <span class='ocrx_word' id='word_1_216' title='bbox 1028 3179 1204 3280; x_wconf 79' lang='lat' dir='ltr'><strong>animosius</strong></span> 
     </span>
     <span class='ocr_line' id='line_1_32' title="bbox 249 3265 1206 3439; baseline 0.003 -23"><span class='ocrx_word' id='word_1_217' title='bbox 249 3265 1206 3439; x_wconf 47' lang='lat' dir='ltr'><strong>arsuras”guillamatumralla</strong></span> 
     </span>
     <span class='ocr_line' id='line_1_33' title="bbox 179 3440 1206 3526; baseline 0.003 -23"><span class='ocrx_word' id='word_1_218' title='bbox 179 3471 183 3482; x_wconf 94' lang='lat'>·</span> <span class='ocrx_word' id='word_1_219' title='bbox 250 3441 383 3524; x_wconf 86' lang='lat' dir='ltr'><strong>quisque</strong></span> <span class='ocrx_word' id='word_1_220' title='bbox 407 3441 524 3504; x_wconf 83' lang='lat' dir='ltr'><strong>civium</strong></span> <span class='ocrx_word' id='word_1_221' title='bbox 547 3440 667 3522; x_wconf 88' lang='lat' dir='ltr'><strong>aliquid</strong></span> <span class='ocrx_word' id='word_1_222' title='bbox 690 3440 731 3503; x_wconf 87' lang='lat' dir='ltr'><strong>ad</strong></span> <span class='ocrx_word' id='word_1_223' title='bbox 753 3461 787 3504; x_wconf 85' lang='lat' dir='ltr'><strong>se</strong></span> <span class='ocrx_word' id='word_1_224' title='bbox 809 3463 868 3524; x_wconf 91' lang='lat' dir='ltr'><strong>pro</strong></span> <span class='ocrx_word' id='word_1_225' title='bbox 890 3442 972 3505; x_wconf 87' lang='lat' dir='ltr'><strong>virili</strong></span> <span class='ocrx_word' id='word_1_226' title='bbox 994 3447 1086 3526; x_wconf 88' lang='lat' dir='ltr'><strong>parte</strong></span> <span class='ocrx_word' id='word_1_227' title='bbox 1108 3443 1206 3524; x_wconf 87' lang='lat' dir='ltr'><strong>perti-</strong></span> 
     </span>
     <span class='ocr_line' id='line_1_34' title="bbox 248 3527 1204 3613; baseline 0.002 -21"><span class='ocrx_word' id='word_1_228' title='bbox 248 3549 333 3592; x_wconf 90' lang='lat' dir='ltr'><strong>nere.</strong></span> <span class='ocrx_word' id='word_1_229' title='bbox 378 3527 425 3591; x_wconf 85' lang='lat' dir='ltr'><strong>At</strong></span> <span class='ocrx_word' id='word_1_230' title='bbox 451 3528 506 3592; x_wconf 91' lang='lat' dir='ltr'><strong>ubi</strong></span> <span class='ocrx_word' id='word_1_231' title='bbox 537 3549 661 3592; x_wconf 89' lang='lat' dir='ltr'><strong>summa</strong></span> <span class='ocrx_word' id='word_1_232' title='bbox 683 3549 789 3592; x_wconf 91' lang='lat' dir='ltr'><strong>rerum</strong></span> <span class='ocrx_word' id='word_1_233' title='bbox 817 3529 961 3594; x_wconf 89' lang='lat' dir='ltr'><strong>omnium</strong></span> <span class='ocrx_word' id='word_1_234' title='bbox 983 3551 1083 3613; x_wconf 85' lang='lat' dir='ltr'><strong>penes</strong></span> <span class='ocrx_word' id='word_1_235' title='bbox 1105 3552 1204 3595; x_wconf 89' lang='lat' dir='ltr'><strong>unum</strong></span> 
     </span>
    </p>
   </div>
   <div class='ocr_carea' id='block_1_10' title="bbox 0 0 1334 3914">
    <p class='ocr_par' dir='ltr' id='par_1_10' title="bbox 0 0 1334 3914">
     <span class='ocr_line' id='line_1_35' title="bbox 0 0 1334 3914; baseline 0 1"><span class='ocrx_word' id='word_1_236' title='bbox 0 0 1334 3914; x_wconf 95' lang='lat' dir='ltr'><strong> </strong></span> 
     </span>
    </p>
   </div>
  </div>
 </body>
</html>
