2658 3914
602 169 687 223 VAR.
704 167 808 222 Lacr.

568 397 712 464 CAPUT
735 398 853 464 XXVI.

229 519 365 586 ECQUID
375 519 593 574 ADHIBENDA
603 517 936 642 {INNTMfflggNVIVHS
946 518 1195 590 ACROAMATA,

295 715 436 780 Rectene
463 715 585 780 faciant
612 738 655 780 an
682 737 785 798 secus,
814 715 868 800 qui
889 715 1039 780 tibicines
1062 719 1120 779 aut
1142 717 1195 781 ci·

229 804 414 887 tharoedoS,
438 807 494 867 aut
516 803 580 867 alia
600 803 634 867 id
657 824 758 888 genus
773 806 955 868 acroamata
972 804 1007 867 in
1029 804 1193 870 conviviis

228 892 396 975 adhibent,
420 891 533 955 merito
547 895 584 954 nt
607 891 746 962 dubitari
759 912 854 974 posse
872 891 1026 973 videatur,
1049 891 1192 957 duorum

228 981 263 1044 in
286 979 492 1064 philosophia
515 1002 713 1044 summorum
734 979 903 1043 hominum
926 979 1120 1063 haedere,
1147 985 1192 1044 ut

229 1068 363 1151 videtur,
386 1067 646 1132 dissentientium
667 1067 746 1131 facit
773 1067 954 1131 auctoritas.
990 1065 1076 1130 Nam
1099 1069 1192 1150 apud

229 1155 400 1219 Platonem
421 1155 457 1219 in
470 1151 682 1240 Protagora¹)
707 1153 854 1218 Socrates
869 1154 1010 1218 abiectos
1033 1155 1130 1220 modo
1153 1160 1191 1220 et

229 1243 396 1325 imperitos
420 1245 454 1306 et
476 1243 743 1307 circumforaneos
765 1242 912 1306 homines
928 1242 961 1306 id
983 1242 1088 1306 facere
1111 1244 1189 1307 soli-

229 1334 281 1394 tos
304 1330 394 1411 dicit,
417 1329 472 1413 qni
486 1351 558 1393 cum
573 1352 643 1394 eam
655 1330 722 1394 vim
735 1351 802 1394 non
824 1329 979 1412 habeant,
1001 1333 1039 1394 ut
1059 1331 1189 1396 urbana

231 1418 338 1503 aliqua
361 1421 393 1481 et
416 1417 556 1502 eleganti
578 1417 790 1482 collocutione
811 1421 939 1500 tempus
952 1418 1032 1481 illud
1046 1419 1190 1501 epularis

230 1505 449 1570 accubationis
471 1506 637 1570 traducere
651 1507 684 1569 et
705 1505 826 1569 mutuis
845 1506 1045 1570 sermonibus
1059 1506 1188 1571 animos
1302 1573 1303 1598 ,

232 1616 307 1659 suos
333 1593 472 1657 hilarare
501 1594 641 1676 possint,
670 1593 737 1657 eius
765 1594 811 1657 rei
837 1593 1013 1657 remedium
1037 1615 1056 1656 a
1078 1594 1187 1660 mimis

232 1686 265 1746 et
296 1683 336 1747 ab
368 1681 579 1746 histrionibus
610 1685 642 1746 et
673 1703 693 1746 a
718 1702 833 1746 vocum
860 1680 1009 1746 fidiumve
1038 1683 1188 1747 cantibus
1302 1685 1303 1688 ’

230 1773 354 1854 petunt.
398 1768 445 1833 At
472 1791 550 1854 quas
581 1769 621 1833 ad
645 1770 755 1852 epulas
778 1769 856 1833 boni
879 1771 912 1832 et
939 1769 1055 1833 eruditi
1078 1771 1187 1834 conri-

230 1880 289 1923 vae
304 1857 520 1940 convenerint,
543 1858 578 1921 in
601 1857 646 1921 eis
660 1877 764 1941 neque
781 1857 956 1940 tibicinam,
979 1879 1083 1941 neque
1099 1859 1185 1941 psal-

230 1946 326 2009 triam
350 1945 466 2028 andiri,
492 1966 597 2029 neque
617 1944 810 2010 saltatricem
833 1945 969 2029 spectari
992 1946 1106 2009 ullam:
1130 1947 1186 2011 ab·

231 2033 346 2118 legatis
377 2055 432 2098 eos
459 2033 614 2097 eiusmodi
640 2034 735 2118 nugis
764 2038 859 2116 atque
885 2033 1015 2117 ineptiis
1041 2034 1186 2099 modeste

231 2122 317 2186 inter
345 2143 378 2186 se
406 2125 439 2185 et
463 2121 565 2185 hilare
593 2121 744 2204 colloqui:
776 2142 879 2204 neque
906 2142 1049 2205 unquam
1076 2122 1185 2187 deesse

231 2210 320 2293 ipsis,
334 2211 373 2274 de
388 2231 450 2294 quo
462 2229 624 2274 sermones
638 2208 884 2272 iucundissimos
899 2210 1074 2292 conferant,
1088 2209 1185 2274 etiam

233 2299 260 2362 si
283 2297 417 2362 multam
440 2297 475 2359 in
497 2299 625 2360 noctem
640 2296 821 2359 convivium
843 2296 1045 2378 producatur.
1072 2296 1185 2382 ltaque

232 2408 270 2449 ex
293 2386 348 2448 illo
371 2384 472 2448 nobili
495 2383 580 2466 apud
601 2381 807 2466 Agathonem
831 2384 976 2448 convivio
1000 2385 1124 2449 eiicitur
1145 2386 1185 2449 ti·

231 2473 339 2536 bioina
371 2474 403 2534 et
433 2474 489 2534 aut
520 2470 581 2534 sibi
609 2473 665 2533 aut
694 2471 880 2535 mulieribus
908 2493 1022 2536 canere
1050 2473 1184 2538 iubetur.

231 2560 278 2623 At
299 2560 428 2623 hercule
451 2559 600 2622 alumnus
624 2558 765 2622 eiusdem
795 2560 980 2643 disciplinae
1003 2559 1185 2643 Xenophon

231 2649 266 2711 in
280 2647 313 2710 id
328 2645 509 2710 convivium
515 2643 556 2730 ²),
578 2646 613 2709 in
637 2669 699 2731 quo
714 2649 747 2710 et
761 2645 907 2711 Socrates
926 2651 1023 2730 esset,
1047 2651 1079 2712 et
1091 2647 1184 2712 Anti-

233 2735 375 2818 sthenes,
399 2737 431 2799 et
454 2734 508 2797 alii
522 2735 681 2818 sapientia
702 2737 903 2817 praestantes
916 2735 987 2813 viri,
1009 2757 1076 2801 non
1089 2737 1183 2802 modo
1300 2799 1301 2808 ,

232 2823 417 2906 Philippum
440 2822 599 2887 excitandi
624 2823 708 2886 risus
731 2822 885 2886 artificem
908 2822 1048 2907 induxit,
1075 2845 1184 2890 verum

233 2913 330 2976 etiam
359 2911 493 2976 sublatis
521 2911 624 2994 epulis
652 2909 888 2994 Syracusanum
914 2911 1006 2974 illum
1035 2911 1184 2976 comissa-

231 3004 336 3064 torem
359 3021 431 3063 cum
453 2999 586 3063 tibicina
610 3002 642 3062 et
669 2999 831 3062 saltatrice
854 3002 887 3062 et
912 2999 1055 3063 formoso
1077 3021 1185 3085 puero,

234 3089 289 3171 qui
303 3090 335 3150 et
348 3087 416 3169 ipse
429 3090 500 3150 tum
515 3086 671 3168 saltando,
693 3089 762 3148 tum
775 3086 891 3150 fidibus
905 3087 1049 3150 canendo
1062 3109 1186 3154 summa

234 3196 301 3255 coc,
326 3175 380 3256 qui
404 3174 550 3255 aderant,
572 3173 738 3255 voluptate
760 3174 975 3256 perfunderet.
1006 3173 1046 3237 In
1068 3171 1184 3239 Home·
1302 3185 1303 3188 ’

233 3262 307 3326 ricis
331 3261 428 3323 etiam
451 3260 554 3343 epulis
578 3262 611 3322 et
623 3258 775 3323 Phemius
798 3261 885 3324 canit
907 3263 940 3324 et
953 3259 1187 3348 Demodocus³)
1302 3267 1303 3286 ¹

308 3415 327 3480 ¹)
346 3432 373 3482 p.
393 3420 444 3467 347
461 3413 489 3467 C.
586 3412 694 3481 'JXen
715 3412 827 3467 Conviv.
847 3431 869 3468 c.
892 3421 915 3469 1.
936 3421 967 3469 11
987 3417 1017 3470 et
1034 3423 1059 3470 2.
1079 3422 1103 3470 1.

307 3483 327 3552 ³)
347 3483 387 3537 ef.
407 3482 457 3536 Od.
476 3482 497 3536 Ι.
518 3487 577 3536 154.
597 3489 656 3536 325.
675 3482 748 3592 Vim
769 3491 801 3537 62
817 3501 849 3536 ss.
