<?xml version="1.0" encoding="UTF-8"?>
<!DOCTYPE html PUBLIC "-//W3C//DTD XHTML 1.0 Transitional//EN"
    "http://www.w3.org/TR/xhtml1/DTD/xhtml1-transitional.dtd">
<html xmlns="http://www.w3.org/1999/xhtml" xml:lang="en" lang="en">
 <head>
  <title>
</title>
<meta http-equiv="Content-Type" content="text/html;charset=utf-8" />
  <meta name='ocr-system' content='tesseract 3.04.00' />
  <meta name='ocr-capabilities' content='ocr_page ocr_carea ocr_par ocr_line ocrx_word'/>
</head>
<body>
  <div class='ocr_page' id='page_1' title='image "./scriptaselecta01muregoog_0107.png"; bbox 0 0 2656 3910; ppageno 0'>
   <div class='ocr_carea' id='block_1_1' title="bbox 194 249 828 316">
    <p class='ocr_par' dir='ltr' id='par_1_1' title="bbox 194 249 828 316">
     <span class='ocr_line' id='line_1_1' title="bbox 194 249 828 316; baseline 0 -12"><span class='ocrx_word' id='word_1_1' title='bbox 194 252 257 316; x_wconf 84' lang='lat'>100</span> <span class='ocrx_word' id='word_1_2' title='bbox 509 249 690 304; x_wconf 79' lang='lat' dir='ltr'>EPISTOLA</span> <span class='ocrx_word' id='word_1_3' title='bbox 707 251 828 305; x_wconf 83' lang='lat' dir='ltr'>LXXIII.</span> 
     </span>
    </p>
   </div>
   <div class='ocr_carea' id='block_1_2' title="bbox 191 394 1146 1183">
    <p class='ocr_par' dir='ltr' id='par_1_2' title="bbox 191 394 1146 1183">
     <span class='ocr_line' id='line_1_2' title="bbox 191 394 1144 480; baseline 0.001 -20"><span class='ocrx_word' id='word_1_4' title='bbox 191 397 318 480; x_wconf 89' lang='lat' dir='ltr'>ineptos</span> <span class='ocrx_word' id='word_1_5' title='bbox 346 395 439 477; x_wconf 90' lang='lat' dir='ltr'>istos,</span> <span class='ocrx_word' id='word_1_6' title='bbox 467 394 506 458; x_wconf 94' lang='lat' dir='ltr'>de</span> <span class='ocrx_word' id='word_1_7' title='bbox 535 394 650 478; x_wconf 91' lang='lat' dir='ltr'>quibus</span> <span class='ocrx_word' id='word_1_8' title='bbox 682 395 807 478; x_wconf 89' lang='lat' dir='ltr'>scribis,</span> <span class='ocrx_word' id='word_1_9' title='bbox 834 395 985 480; x_wconf 79' lang='lat' dir='ltr'>indignos</span> <span class='ocrx_word' id='word_1_10' title='bbox 1012 417 1144 480; x_wconf 84' lang='lat' dir='ltr'>prorsus</span> 
     </span>
     <span class='ocr_line' id='line_1_3' title="bbox 192 482 1142 568; baseline 0 -20"><span class='ocrx_word' id='word_1_11' title='bbox 192 505 270 567; x_wconf 91' lang='grc'><strong>6666,</strong></span> <span class='ocrx_word' id='word_1_12' title='bbox 295 484 410 568; x_wconf 91' lang='lat' dir='ltr'>quibus</span> <span class='ocrx_word' id='word_1_13' title='bbox 433 482 679 565; x_wconf 89' lang='lat' dir='ltr'>respondeatur:</span> <span class='ocrx_word' id='word_1_14' title='bbox 702 483 749 546; x_wconf 92' lang='lat' dir='ltr'>ita</span> <span class='ocrx_word' id='word_1_15' title='bbox 773 504 806 546; x_wconf 90' lang='lat' dir='ltr'>se</span> <span class='ocrx_word' id='word_1_16' title='bbox 829 503 871 546; x_wconf 90' lang='lat' dir='ltr'>ne</span> <span class='ocrx_word' id='word_1_17' title='bbox 889 483 1002 547; x_wconf 84' lang='lat' dir='ltr'>leviter</span> <span class='ocrx_word' id='word_1_18' title='bbox 1016 484 1142 567; x_wconf 89' lang='lat' dir='ltr'>quidem</span> 
     </span>
     <span class='ocr_line' id='line_1_4' title="bbox 191 569 1146 655; baseline 0.001 -20"><span class='ocrx_word' id='word_1_19' title='bbox 191 572 308 636; x_wconf 89' lang='lat' dir='ltr'>litteris</span> <span class='ocrx_word' id='word_1_20' title='bbox 331 572 451 634; x_wconf 89' lang='lat' dir='ltr'>tinctos</span> <span class='ocrx_word' id='word_1_21' title='bbox 475 591 545 634; x_wconf 89' lang='grc'><strong>6666</strong></span> <span class='ocrx_word' id='word_1_22' title='bbox 569 571 741 634; x_wconf 90' lang='lat' dir='ltr'>declarant.</span> <span class='ocrx_word' id='word_1_23' title='bbox 787 569 871 646; x_wconf 84' lang='lat' dir='ltr'>Quid</span> <span class='ocrx_word' id='word_1_24' title='bbox 894 571 980 634; x_wconf 91' lang='lat' dir='ltr'>enim</span> <span class='ocrx_word' id='word_1_25' title='bbox 1003 575 1065 655; x_wconf 89' lang='lat' dir='ltr'>est,</span> <span class='ocrx_word' id='word_1_26' title='bbox 1089 594 1146 636; x_wconf 89' lang='lat' dir='ltr'>cur</span> 
     </span>
     <span class='ocr_line' id='line_1_5' title="bbox 192 657 1145 741; baseline 0 -17"><span class='ocrx_word' id='word_1_27' title='bbox 192 660 230 724; x_wconf 94' lang='lat' dir='ltr'>de</span> <span class='ocrx_word' id='word_1_28' title='bbox 245 659 359 724; x_wconf 79' lang='lat' dir='ltr'><em>Paullo</em></span> <span class='ocrx_word' id='word_1_29' title='bbox 382 663 411 722; x_wconf 82' lang='lat' dir='ltr'>ct</span> <span class='ocrx_word' id='word_1_30' title='bbox 425 657 555 737; x_wconf 78' lang='lat' dir='ltr'>Qalacto</span> <span class='ocrx_word' id='word_1_31' title='bbox 577 679 629 721; x_wconf 92' lang='lat' dir='ltr'>me</span> <span class='ocrx_word' id='word_1_32' title='bbox 651 658 858 741; x_wconf 91' lang='lat' dir='ltr'>potissimum</span> <span class='ocrx_word' id='word_1_33' title='bbox 874 660 1048 723; x_wconf 77' lang='lat' dir='ltr'><strong>accusent?</strong></span> <span class='ocrx_word' id='word_1_34' title='bbox 1079 658 1145 725; x_wconf 83' lang='lat' dir='ltr'>Cur</span> 
     </span>
     <span class='ocr_line' id='line_1_6' title="bbox 192 744 1145 832; baseline 0.001 -22"><span class='ocrx_word' id='word_1_35' title='bbox 192 769 258 812; x_wconf 92' lang='lat' dir='ltr'>non</span> <span class='ocrx_word' id='word_1_36' title='bbox 286 769 358 810; x_wconf 90' lang='lat' dir='ltr'>eum</span> <span class='ocrx_word' id='word_1_37' title='bbox 387 745 533 810; x_wconf 88' lang='lat' dir='ltr'>Manutio</span> <span class='ocrx_word' id='word_1_38' title='bbox 561 746 669 830; x_wconf 89' lang='lat' dir='ltr'>potius</span> <span class='ocrx_word' id='word_1_39' title='bbox 699 750 731 809; x_wconf 91' lang='lat' dir='ltr'>et</span> <span class='ocrx_word' id='word_1_40' title='bbox 758 767 830 810; x_wconf 90' lang='lat' dir='ltr'>cum</span> <span class='ocrx_word' id='word_1_41' title='bbox 859 744 993 830; x_wconf 83' lang='lat' dir='ltr'>Sigonio</span> <span class='ocrx_word' id='word_1_42' title='bbox 1021 749 1145 832; x_wconf 80' lang='lat' dir='ltr'>agunt?</span> 
     </span>
     <span class='ocr_line' id='line_1_7' title="bbox 192 833 1145 920; baseline 0 -21"><span class='ocrx_word' id='word_1_43' title='bbox 192 856 328 919; x_wconf 85' lang='lat' dir='ltr'>quorum</span> <span class='ocrx_word' id='word_1_44' title='bbox 354 837 488 918; x_wconf 92' lang='lat' dir='ltr'>uterque</span> <span class='ocrx_word' id='word_1_45' title='bbox 511 837 586 897; x_wconf 88' lang='lat' dir='ltr'>ante</span> <span class='ocrx_word' id='word_1_46' title='bbox 608 833 682 911; x_wconf 89' lang='lat' dir='ltr'>hos,</span> <span class='ocrx_word' id='word_1_47' title='bbox 710 834 838 918; x_wconf 87' lang='lat' dir='ltr'>opinor,</span> <span class='ocrx_word' id='word_1_48' title='bbox 864 834 1145 920; x_wconf 83' lang='lat' dir='ltr'>vigintiquinque</span> 
     </span>
     <span class='ocr_line' id='line_1_8' title="bbox 191 921 1144 987; baseline 0.001 -1"><span class='ocrx_word' id='word_1_49' title='bbox 191 944 294 987; x_wconf 91' lang='lat' dir='ltr'>annos</span> <span class='ocrx_word' id='word_1_50' title='bbox 316 923 363 986; x_wconf 91' lang='lat' dir='ltr'>ita</span> <span class='ocrx_word' id='word_1_51' title='bbox 386 922 588 986; x_wconf 88' lang='lat' dir='ltr'>scribendum</span> <span class='ocrx_word' id='word_1_52' title='bbox 612 943 681 985; x_wconf 89' lang='lat' dir='ltr'>esse</span> <span class='ocrx_word' id='word_1_53' title='bbox 704 921 820 986; x_wconf 90' lang='lat' dir='ltr'>docuit.</span> <span class='ocrx_word' id='word_1_54' title='bbox 860 922 905 986; x_wconf 81' lang='lat' dir='ltr'>Et</span> <span class='ocrx_word' id='word_1_55' title='bbox 928 925 1012 986; x_wconf 83' lang='lat' dir='ltr'>certe</span> <span class='ocrx_word' id='word_1_56' title='bbox 1034 923 1069 986; x_wconf 92' lang='lat' dir='ltr'>in</span> <span class='ocrx_word' id='word_1_57' title='bbox 1092 944 1144 987; x_wconf 81' lang='lat' dir='ltr'>ve·</span> 
     </span>
     <span class='ocr_line' id='line_1_9' title="bbox 191 1009 1144 1093; baseline 0.002 -19"><span class='ocrx_word' id='word_1_58' title='bbox 191 1011 287 1074; x_wconf 88' lang='lat' dir='ltr'>tustis</span> <span class='ocrx_word' id='word_1_59' title='bbox 310 1010 524 1074; x_wconf 83' lang='lat' dir='ltr'>marmoribus</span> <span class='ocrx_word' id='word_1_60' title='bbox 548 1010 780 1093; x_wconf 88' lang='lat' dir='ltr'>praecipucque</span> <span class='ocrx_word' id='word_1_61' title='bbox 797 1010 938 1074; x_wconf 85' lang='lat' dir='ltr'>infestis</span> <span class='ocrx_word' id='word_1_62' title='bbox 953 1009 1144 1093; x_wconf 77' lang='lat' dir='ltr'>Capitolinis</span> 
     </span>
     <span class='ocr_line' id='line_1_10' title="bbox 191 1097 1143 1183; baseline 0.001 -22"><span class='ocrx_word' id='word_1_63' title='bbox 191 1099 237 1163; x_wconf 91' lang='lat' dir='ltr'>ita</span> <span class='ocrx_word' id='word_1_64' title='bbox 260 1102 414 1182; x_wconf 89' lang='lat' dir='ltr'>perpetuo</span> <span class='ocrx_word' id='word_1_65' title='bbox 439 1098 596 1162; x_wconf 88' lang='lat' dir='ltr'>scribitur.</span> <span class='ocrx_word' id='word_1_66' title='bbox 632 1097 679 1160; x_wconf 89' lang='lat' dir='ltr'>At</span> <span class='ocrx_word' id='word_1_67' title='bbox 700 1120 827 1162; x_wconf 86' lang='lat' dir='ltr'>versum</span> <span class='ocrx_word' id='word_1_68' title='bbox 849 1097 940 1162; x_wconf 90' lang='lat' dir='ltr'>illum</span> <span class='ocrx_word' id='word_1_69' title='bbox 964 1099 1143 1183; x_wconf 82' lang='lat' dir='ltr'>exagitant:</span> 
     </span>
    </p>
   </div>
   <div class='ocr_carea' id='block_1_3' title="bbox 271 1238 1070 1304">
    <p class='ocr_par' dir='ltr' id='par_1_3' title="bbox 271 1238 1070 1304">
     <span class='ocr_line' id='line_1_11' title="bbox 271 1238 1070 1304; baseline -0.001 -1"><span class='ocrx_word' id='word_1_70' title='bbox 271 1239 342 1304; x_wconf 79' lang='lat' dir='ltr'>Una</span> <span class='ocrx_word' id='word_1_71' title='bbox 363 1240 467 1302; x_wconf 81' lang='grc'><strong>616666</strong></span> <span class='ocrx_word' id='word_1_72' title='bbox 488 1239 687 1303; x_wconf 78' lang='grc'><strong>6161616166(</strong></span> <span class='ocrx_word' id='word_1_73' title='bbox 709 1238 846 1302; x_wconf 80' lang='lat' dir='ltr'>omnium</span> <span class='ocrx_word' id='word_1_74' title='bbox 867 1238 976 1302; x_wconf 83' lang='lat' dir='ltr'>acerbo</span> <span class='ocrx_word' id='word_1_75' title='bbox 998 1239 1070 1304; x_wconf 83' lang='lat' dir='ltr'>locs.</span> 
     </span>
    </p>
   </div>
   <div class='ocr_carea' id='block_1_4' title="bbox 190 1376 1145 1548">
    <p class='ocr_par' dir='ltr' id='par_1_4' title="bbox 190 1376 1145 1548">
     <span class='ocr_line' id='line_1_12' title="bbox 190 1376 1145 1462; baseline 0.002 -20"><span class='ocrx_word' id='word_1_76' title='bbox 190 1378 339 1442; x_wconf 79' lang='lat' dir='ltr'>Ridicula</span> <span class='ocrx_word' id='word_1_77' title='bbox 367 1377 484 1460; x_wconf 87' lang='lat' dir='ltr'>capita,</span> <span class='ocrx_word' id='word_1_78' title='bbox 517 1377 607 1460; x_wconf 82' lang='lat' dir='ltr'>quasi</span> <span class='ocrx_word' id='word_1_79' title='bbox 639 1397 706 1440; x_wconf 91' lang='lat' dir='ltr'>non</span> <span class='ocrx_word' id='word_1_80' title='bbox 738 1376 768 1440; x_wconf 89' lang='grc'>61</span> <span class='ocrx_word' id='word_1_81' title='bbox 794 1377 890 1459; x_wconf 91' lang='lat' dir='ltr'>plane</span> <span class='ocrx_word' id='word_1_82' title='bbox 922 1379 1069 1462; x_wconf 78' lang='lat' dir='ltr'>geminus</span> <span class='ocrx_word' id='word_1_83' title='bbox 1101 1380 1145 1444; x_wconf 92' lang='lat' dir='ltr'>sit</span> 
     </span>
     <span class='ocr_line' id='line_1_13' title="bbox 190 1462 562 1548; baseline -0.005 -18"><span class='ocrx_word' id='word_1_84' title='bbox 190 1462 513 1548; x_wconf 61' lang='grc'><strong>11160616111666661)</strong></span> <span class='ocrx_word' id='word_1_85' title='bbox 554 1534 562 1542; x_wconf 61' lang='lat'>„</span> 
     </span>
    </p>
   </div>
   <div class='ocr_carea' id='block_1_5' title="bbox 247 1605 1088 1672">
    <p class='ocr_par' dir='ltr' id='par_1_5' title="bbox 247 1605 1088 1672">
     <span class='ocr_line' id='line_1_14' title="bbox 247 1605 1088 1672; baseline 0.001 -2"><span class='ocrx_word' id='word_1_86' title='bbox 247 1605 344 1671; x_wconf 70' lang='lat' dir='ltr'>Troia</span> <span class='ocrx_word' id='word_1_87' title='bbox 366 1607 468 1670; x_wconf 72' lang='lat' dir='ltr'>aarum</span> <span class='ocrx_word' id='word_1_88' title='bbox 490 1609 520 1670; x_wconf 80' lang='lat' dir='ltr'>ct</span> <span class='ocrx_word' id='word_1_89' title='bbox 539 1606 689 1669; x_wconf 77' lang='grc'><strong>6616161666</strong></span> <span class='ocrx_word' id='word_1_90' title='bbox 710 1606 849 1670; x_wconf 76' lang='lat' dir='ltr'>caratam</span> <span class='ocrx_word' id='word_1_91' title='bbox 871 1605 980 1670; x_wconf 83' lang='lat' dir='ltr'>acerba</span> <span class='ocrx_word' id='word_1_92' title='bbox 1001 1608 1088 1672; x_wconf 69' lang='grc'><strong>61666.</strong></span> 
     </span>
    </p>
   </div>
   <div class='ocr_carea' id='block_1_6' title="bbox 191 1745 1143 2529">
    <p class='ocr_par' dir='ltr' id='par_1_6' title="bbox 191 1745 1143 2529">
     <span class='ocr_line' id='line_1_15' title="bbox 193 1745 1143 1831; baseline 0.001 -21"><span class='ocrx_word' id='word_1_93' title='bbox 193 1746 350 1811; x_wconf 89' lang='lat' dir='ltr'>Desinant</span> <span class='ocrx_word' id='word_1_94' title='bbox 362 1746 463 1831; x_wconf 77' lang='lat' dir='ltr'>igitur</span> <span class='ocrx_word' id='word_1_95' title='bbox 475 1745 646 1810; x_wconf 73' lang='lat' dir='ltr'>stultitiam</span> <span class='ocrx_word' id='word_1_96' title='bbox 660 1767 751 1808; x_wconf 89' lang='lat' dir='ltr'>suam</span> <span class='ocrx_word' id='word_1_97' title='bbox 764 1745 898 1828; x_wconf 83' lang='lat' dir='ltr'>prodere</span> <span class='ocrx_word' id='word_1_98' title='bbox 913 1767 950 1809; x_wconf 91' lang='lat' dir='ltr'>ac</span> <span class='ocrx_word' id='word_1_99' title='bbox 963 1746 1143 1828; x_wconf 70' lang='lat' dir='ltr'>patefacere</span> 
     </span>
     <span class='ocr_line' id='line_1_16' title="bbox 191 1832 1143 1918; baseline 0 -20"><span class='ocrx_word' id='word_1_100' title='bbox 191 1839 224 1898; x_wconf 91' lang='grc'>61</span> <span class='ocrx_word' id='word_1_101' title='bbox 250 1835 356 1918; x_wconf 89' lang='lat' dir='ltr'>prima</span> <span class='ocrx_word' id='word_1_102' title='bbox 383 1835 497 1898; x_wconf 89' lang='lat' dir='ltr'>saltem</span> <span class='ocrx_word' id='word_1_103' title='bbox 529 1834 689 1897; x_wconf 88' lang='lat' dir='ltr'>elementa</span> <span class='ocrx_word' id='word_1_104' title='bbox 719 1832 857 1910; x_wconf 88' lang='lat' dir='ltr'>discant,</span> <span class='ocrx_word' id='word_1_105' title='bbox 889 1833 1076 1917; x_wconf 85' lang='lat' dir='ltr'>priusquam</span> <span class='ocrx_word' id='word_1_106' title='bbox 1104 1835 1143 1898; x_wconf 92' lang='lat' dir='ltr'>de</span> 
     </span>
     <span class='ocr_line' id='line_1_17' title="bbox 191 1917 1142 2006; baseline 0.001 -21"><span class='ocrx_word' id='word_1_107' title='bbox 191 1922 452 2006; x_wconf 89' lang='lat' dir='ltr'>reprehendendo</span> <span class='ocrx_word' id='word_1_108' title='bbox 488 1921 641 2006; x_wconf 77' lang='lat' dir='ltr'>cogitent.</span> <span class='ocrx_word' id='word_1_109' title='bbox 705 1917 896 1985; x_wconf 87' lang='grc'><strong>86116166666</strong></span> <span class='ocrx_word' id='word_1_110' title='bbox 936 1921 1011 2006; x_wconf 83' lang='grc'><strong>1111,</strong></span> <span class='ocrx_word' id='word_1_111' title='bbox 1047 1944 1142 2006; x_wconf 92' lang='lat' dir='ltr'>quem</span> 
     </span>
     <span class='ocr_line' id='line_1_18' title="bbox 193 2008 1142 2092; baseline 0.001 -19"><span class='ocrx_word' id='word_1_112' title='bbox 193 2010 283 2074; x_wconf 80' lang='lat' dir='ltr'>video</span> <span class='ocrx_word' id='word_1_113' title='bbox 311 2010 375 2073; x_wconf 91' lang='lat' dir='ltr'>mei</span> <span class='ocrx_word' id='word_1_114' title='bbox 398 2009 577 2074; x_wconf 90' lang='lat' dir='ltr'>studiosum</span> <span class='ocrx_word' id='word_1_115' title='bbox 604 2029 687 2092; x_wconf 90' lang='grc'><strong>6666,</strong></span> <span class='ocrx_word' id='word_1_116' title='bbox 709 2008 809 2091; x_wconf 88' lang='lat' dir='ltr'>volui,</span> <span class='ocrx_word' id='word_1_117' title='bbox 832 2009 952 2092; x_wconf 92' lang='lat' dir='ltr'>alioqui</span> <span class='ocrx_word' id='word_1_118' title='bbox 973 2013 1041 2073; x_wconf 89' lang='lat' dir='ltr'>tam</span> <span class='ocrx_word' id='word_1_119' title='bbox 1065 2012 1142 2074; x_wconf 90' lang='lat' dir='ltr'>stul·</span> 
     </span>
     <span class='ocr_line' id='line_1_19' title="bbox 191 2096 1142 2182; baseline 0.001 -21"><span class='ocrx_word' id='word_1_120' title='bbox 191 2102 242 2161; x_wconf 90' lang='lat' dir='ltr'>tas</span> <span class='ocrx_word' id='word_1_121' title='bbox 265 2097 529 2182; x_wconf 85' lang='lat' dir='ltr'>reprehensiones</span> <span class='ocrx_word' id='word_1_122' title='bbox 551 2098 619 2161; x_wconf 90' lang='lat' dir='ltr'>risu</span> <span class='ocrx_word' id='word_1_123' title='bbox 642 2117 679 2160; x_wconf 90' lang='lat' dir='ltr'>ac</span> <span class='ocrx_word' id='word_1_124' title='bbox 702 2096 829 2161; x_wconf 89' lang='lat' dir='ltr'>silentio</span> <span class='ocrx_word' id='word_1_125' title='bbox 853 2099 1048 2180; x_wconf 82' lang='lat' dir='ltr'>excepturus.</span> <span class='ocrx_word' id='word_1_126' title='bbox 1094 2098 1142 2162; x_wconf 84' lang='lat' dir='ltr'>Tu</span> 
     </span>
     <span class='ocr_line' id='line_1_20' title="bbox 193 2185 1142 2269; baseline 0 -19"><span class='ocrx_word' id='word_1_127' title='bbox 193 2207 318 2269; x_wconf 91' lang='lat' dir='ltr'>quoque</span> <span class='ocrx_word' id='word_1_128' title='bbox 341 2186 426 2249; x_wconf 91' lang='lat' dir='ltr'>idem</span> <span class='ocrx_word' id='word_1_129' title='bbox 449 2185 550 2250; x_wconf 88' lang='grc'><strong>166166</strong></span> <span class='ocrx_word' id='word_1_130' title='bbox 578 2185 710 2262; x_wconf 85' lang='lat' dir='ltr'>suadeo,</span> <span class='ocrx_word' id='word_1_131' title='bbox 733 2188 766 2247; x_wconf 90' lang='lat' dir='ltr'>et</span> <span class='ocrx_word' id='word_1_132' title='bbox 792 2185 872 2248; x_wconf 88' lang='lat' dir='ltr'>istos</span> <span class='ocrx_word' id='word_1_133' title='bbox 895 2188 1081 2250; x_wconf 88' lang='lat' dir='ltr'>contemnas</span> <span class='ocrx_word' id='word_1_134' title='bbox 1105 2208 1142 2250; x_wconf 92' lang='lat' dir='ltr'>ac</span> 
     </span>
     <span class='ocr_line' id='line_1_21' title="bbox 192 2270 1142 2338; baseline 0.001 0"><span class='ocrx_word' id='word_1_135' title='bbox 192 2295 417 2338; x_wconf 86' lang='lat' dir='ltr'>consenescere</span> <span class='ocrx_word' id='word_1_136' title='bbox 440 2274 475 2338; x_wconf 90' lang='lat' dir='ltr'>in</span> <span class='ocrx_word' id='word_1_137' title='bbox 497 2273 626 2336; x_wconf 89' lang='lat' dir='ltr'>inscitia</span> <span class='ocrx_word' id='word_1_138' title='bbox 653 2294 711 2336; x_wconf 92' lang='grc'>666</span> <span class='ocrx_word' id='word_1_139' title='bbox 734 2273 829 2335; x_wconf 87' lang='lat' dir='ltr'>sinas.</span> <span class='ocrx_word' id='word_1_140' title='bbox 880 2270 986 2337; x_wconf 87' lang='grc'><strong>816116</strong></span> <span class='ocrx_word' id='word_1_141' title='bbox 1007 2273 1080 2338; x_wconf 89' lang='grc'><strong>11166</strong></span> <span class='ocrx_word' id='word_1_142' title='bbox 1103 2274 1142 2338; x_wconf 91' lang='grc'>(16</span> 
     </span>
     <span class='ocr_line' id='line_1_22' title="bbox 192 2359 1142 2445; baseline 0.001 -20"><span class='ocrx_word' id='word_1_143' title='bbox 192 2383 225 2425; x_wconf 93' lang='grc'>66</span> <span class='ocrx_word' id='word_1_144' title='bbox 248 2362 414 2445; x_wconf 86' lang='lat' dir='ltr'>persuasio</span> <span class='ocrx_word' id='word_1_145' title='bbox 437 2361 602 2445; x_wconf 82' lang='lat' dir='ltr'>indignos,</span> <span class='ocrx_word' id='word_1_146' title='bbox 626 2360 681 2442; x_wconf 94' lang='lat' dir='ltr'>qui</span> <span class='ocrx_word' id='word_1_147' title='bbox 704 2359 887 2443; x_wconf 88' lang='lat' dir='ltr'>doceantur,</span> <span class='ocrx_word' id='word_1_148' title='bbox 909 2361 996 2424; x_wconf 86' lang='grc'><strong>16611.</strong></span> <span class='ocrx_word' id='word_1_149' title='bbox 1033 2361 1142 2428; x_wconf 87' lang='lat' dir='ltr'>Versi-</span> 
     </span>
     <span class='ocr_line' id='line_1_23' title="bbox 192 2447 1142 2529; baseline 0.002 -16"><span class='ocrx_word' id='word_1_150' title='bbox 192 2450 255 2513; x_wconf 92' lang='lat' dir='ltr'>culi</span> <span class='ocrx_word' id='word_1_151' title='bbox 281 2449 330 2512; x_wconf 90' lang='lat' dir='ltr'>tui</span> <span class='ocrx_word' id='word_1_152' title='bbox 356 2449 448 2512; x_wconf 88' lang='lat' dir='ltr'>valde</span> <span class='ocrx_word' id='word_1_153' title='bbox 475 2469 526 2512; x_wconf 89' lang='lat' dir='ltr'>me</span> <span class='ocrx_word' id='word_1_154' title='bbox 554 2447 808 2529; x_wconf 81' lang='lat' dir='ltr'>oblectaverunt;</span> <span class='ocrx_word' id='word_1_155' title='bbox 835 2468 913 2511; x_wconf 90' lang='lat' dir='ltr'>nam</span> <span class='ocrx_word' id='word_1_156' title='bbox 940 2451 1078 2513; x_wconf 86' lang='grc'><strong>6166116</strong></span> <span class='ocrx_word' id='word_1_157' title='bbox 1105 2472 1142 2515; x_wconf 90' lang='grc'>66</span> 
     </span>
    </p>
   </div>
   <div class='ocr_carea' id='block_1_7' title="bbox 86 2535 1142 2621">
    <p class='ocr_par' dir='ltr' id='par_1_7' title="bbox 86 2535 1142 2621">
     <span class='ocr_line' id='line_1_24' title="bbox 86 2535 1142 2621; baseline 0.009 -28"><span class='ocrx_word' id='word_1_158' title='bbox 86 2582 89 2593; x_wconf 97' lang='grc'>.</span> <span class='ocrx_word' id='word_1_159' title='bbox 191 2536 295 2620; x_wconf 88' lang='lat' dir='ltr'>lepide</span> <span class='ocrx_word' id='word_1_160' title='bbox 322 2536 401 2598; x_wconf 86' lang='lat' dir='ltr'>faeti</span> <span class='ocrx_word' id='word_1_161' title='bbox 429 2541 517 2618; x_wconf 87' lang='lat' dir='ltr'>sunt,</span> <span class='ocrx_word' id='word_1_162' title='bbox 544 2537 578 2599; x_wconf 90' lang='grc'>61</span> <span class='ocrx_word' id='word_1_163' title='bbox 599 2535 721 2600; x_wconf 90' lang='lat' dir='ltr'>habent</span> <span class='ocrx_word' id='word_1_164' title='bbox 747 2535 908 2619; x_wconf 86' lang='lat' dir='ltr'>insignem</span> <span class='ocrx_word' id='word_1_165' title='bbox 936 2537 1142 2621; x_wconf 78' lang='lat' dir='ltr'>significatio-</span> 
     </span>
    </p>
   </div>
   <div class='ocr_carea' id='block_1_8' title="bbox 191 2619 1143 2709">
    <p class='ocr_par' dir='ltr' id='par_1_8' title="bbox 191 2619 1143 2709">
     <span class='ocr_line' id='line_1_25' title="bbox 191 2619 1143 2709; baseline 0.002 -21"><span class='ocrx_word' id='word_1_166' title='bbox 191 2645 266 2688; x_wconf 91' lang='lat' dir='ltr'>nem</span> <span class='ocrx_word' id='word_1_167' title='bbox 290 2623 408 2687; x_wconf 82' lang='lat' dir='ltr'>amoris</span> <span class='ocrx_word' id='word_1_168' title='bbox 432 2643 509 2707; x_wconf 82' lang='lat' dir='ltr'>erga</span> <span class='ocrx_word' id='word_1_169' title='bbox 531 2644 583 2686; x_wconf 92' lang='lat' dir='ltr'>me</span> <span class='ocrx_word' id='word_1_170' title='bbox 605 2623 661 2686; x_wconf 90' lang='lat' dir='ltr'>tui.</span> <span class='ocrx_word' id='word_1_171' title='bbox 712 2619 746 2687; x_wconf 82' lang='lat' dir='ltr'>Si</span> <span class='ocrx_word' id='word_1_172' title='bbox 773 2624 849 2706; x_wconf 91' lang='lat' dir='ltr'>quid</span> <span class='ocrx_word' id='word_1_173' title='bbox 876 2623 930 2688; x_wconf 91' lang='lat' dir='ltr'>hic</span> <span class='ocrx_word' id='word_1_174' title='bbox 957 2626 1031 2709; x_wconf 80' lang='lat' dir='ltr'>erit,</span> <span class='ocrx_word' id='word_1_175' title='bbox 1057 2626 1143 2709; x_wconf 90' lang='lat' dir='ltr'>quod</span> 
     </span>
    </p>
   </div>
   <div class='ocr_carea' id='block_1_9' title="bbox 69 2709 1143 2796">
    <p class='ocr_par' dir='ltr' id='par_1_9' title="bbox 69 2709 1143 2796">
     <span class='ocr_line' id='line_1_26' title="bbox 69 2709 1143 2796; baseline 0.002 -20"><span class='ocrx_word' id='word_1_176' title='bbox 69 2784 72 2792; x_wconf 31' lang='lat'>¹</span> <span class='ocrx_word' id='word_1_177' title='bbox 192 2734 242 2776; x_wconf 89' lang='lat' dir='ltr'>me</span> <span class='ocrx_word' id='word_1_178' title='bbox 258 2732 371 2777; x_wconf 86' lang='lat' dir='ltr'>caussa</span> <span class='ocrx_word' id='word_1_179' title='bbox 383 2714 440 2775; x_wconf 90' lang='lat' dir='ltr'>tua</span> <span class='ocrx_word' id='word_1_180' title='bbox 453 2711 557 2774; x_wconf 88' lang='lat' dir='ltr'>facere</span> <span class='ocrx_word' id='word_1_181' title='bbox 565 2731 661 2794; x_wconf 86' lang='lat' dir='ltr'>posse</span> <span class='ocrx_word' id='word_1_182' title='bbox 671 2709 844 2794; x_wconf 85' lang='lat' dir='ltr'>arbitreris,</span> <span class='ocrx_word' id='word_1_183' title='bbox 858 2732 925 2776; x_wconf 91' lang='lat' dir='ltr'>non</span> <span class='ocrx_word' id='word_1_184' title='bbox 935 2714 1143 2796; x_wconf 88' lang='lat' dir='ltr'>committam,</span> 
     </span>
    </p>
   </div>
   <div class='ocr_carea' id='block_1_10' title="bbox 192 2798 1143 3149">
    <p class='ocr_par' dir='ltr' id='par_1_10' title="bbox 192 2798 1143 3149">
     <span class='ocr_line' id='line_1_27' title="bbox 193 2798 1143 2866; baseline 0.002 -2"><span class='ocrx_word' id='word_1_185' title='bbox 193 2803 229 2864; x_wconf 91' lang='grc'>61</span> <span class='ocrx_word' id='word_1_186' title='bbox 249 2800 370 2864; x_wconf 85' lang='lat' dir='ltr'>frustra</span> <span class='ocrx_word' id='word_1_187' title='bbox 391 2821 443 2863; x_wconf 90' lang='lat' dir='ltr'>me</span> <span class='ocrx_word' id='word_1_188' title='bbox 471 2819 578 2862; x_wconf 87' lang='lat' dir='ltr'>amare</span> <span class='ocrx_word' id='word_1_189' title='bbox 605 2798 751 2862; x_wconf 87' lang='lat' dir='ltr'>videaris.</span> <span class='ocrx_word' id='word_1_190' title='bbox 796 2798 886 2863; x_wconf 86' lang='lat' dir='ltr'>Vale.</span> <span class='ocrx_word' id='word_1_191' title='bbox 908 2817 953 2864; x_wconf 82' lang='lat' dir='ltr'>vr.</span> <span class='ocrx_word' id='word_1_192' title='bbox 975 2801 1047 2866; x_wconf 89' lang='lat' dir='ltr'>Kal.</span> <span class='ocrx_word' id='word_1_193' title='bbox 1068 2802 1143 2866; x_wconf 90' lang='lat' dir='ltr'>Iulii</span> 
     </span>
     <span class='ocr_line' id='line_1_28' title="bbox 192 2886 1142 2973; baseline 0.001 -20"><span class='ocrx_word' id='word_1_194' title='bbox 192 2886 270 2973; x_wconf 84' lang='lat' dir='ltr'>(quo</span> <span class='ocrx_word' id='word_1_195' title='bbox 298 2888 369 2971; x_wconf 88' lang='lat' dir='ltr'>ipso</span> <span class='ocrx_word' id='word_1_196' title='bbox 397 2887 447 2950; x_wconf 90' lang='lat' dir='ltr'>die</span> <span class='ocrx_word' id='word_1_197' title='bbox 471 2908 654 2969; x_wconf 86' lang='lat' dir='ltr'>acceperam</span> <span class='ocrx_word' id='word_1_198' title='bbox 676 2886 801 2950; x_wconf 89' lang='lat' dir='ltr'>litteras</span> <span class='ocrx_word' id='word_1_199' title='bbox 825 2890 898 2950; x_wconf 90' lang='grc'>616</span> <span class='ocrx_word' id='word_1_200' title='bbox 922 2889 1057 2972; x_wconf 87' lang='lat' dir='ltr'>scriptas</span> <span class='ocrx_word' id='word_1_201' title='bbox 1080 2889 1142 2954; x_wconf 92' lang='lat' dir='ltr'>Idi-</span> 
     </span>
     <span class='ocr_line' id='line_1_29' title="bbox 193 2975 1143 3061; baseline 0.001 -20"><span class='ocrx_word' id='word_1_202' title='bbox 193 2977 252 3041; x_wconf 92' lang='lat' dir='ltr'>bus</span> <span class='ocrx_word' id='word_1_203' title='bbox 279 2975 371 3059; x_wconf 80' lang='lat' dir='ltr'>Maii,</span> <span class='ocrx_word' id='word_1_204' title='bbox 402 2997 443 3039; x_wconf 91' lang='lat' dir='ltr'>ne</span> <span class='ocrx_word' id='word_1_205' title='bbox 475 2997 526 3039; x_wconf 92' lang='lat' dir='ltr'>me</span> <span class='ocrx_word' id='word_1_206' title='bbox 558 2976 640 3040; x_wconf 84' lang='lat' dir='ltr'>forte</span> <span class='ocrx_word' id='word_1_207' title='bbox 673 2975 714 3040; x_wconf 88' lang='lat' dir='ltr'>ad</span> <span class='ocrx_word' id='word_1_208' title='bbox 742 2996 795 3040; x_wconf 88' lang='grc'>666</span> <span class='ocrx_word' id='word_1_209' title='bbox 823 2975 924 3040; x_wconf 86' lang='grc'><strong>666166</strong></span> <span class='ocrx_word' id='word_1_210' title='bbox 951 2977 1143 3061; x_wconf 88' lang='lat' dir='ltr'>respondere</span> 
     </span>
     <span class='ocr_line' id='line_1_30' title="bbox 192 3063 544 3149; baseline 0.006 -22"><span class='ocrx_word' id='word_1_211' title='bbox 192 3063 331 3149; x_wconf 79' lang='lat' dir='ltr'>mireris)</span> <span class='ocrx_word' id='word_1_212' title='bbox 354 3081 544 3129; x_wconf 73' lang='lat' dir='ltr'>nffluxxxlv.</span> 
     </span>
    </p>
   </div>
   <div class='ocr_carea' id='block_1_11' title="bbox 267 3252 420 3322">
    <p class='ocr_par' dir='ltr' id='par_1_11' title="bbox 267 3252 420 3322">
     <span class='ocr_line' id='line_1_31' title="bbox 267 3252 420 3322; baseline 0.007 -16"><span class='ocrx_word' id='word_1_213' title='bbox 267 3252 290 3322; x_wconf 88' lang='lat'>¹)</span> <span class='ocrx_word' id='word_1_214' title='bbox 310 3259 358 3320; x_wconf 86' lang='lat' dir='ltr'>ee,</span> <span class='ocrx_word' id='word_1_215' title='bbox 377 3258 420 3307; x_wconf 84' lang='lat' dir='ltr'>ao.</span> 
     </span>
    </p>
   </div>
   <div class='ocr_carea' id='block_1_12' title="bbox 0 0 1333 3910">
    <p class='ocr_par' dir='ltr' id='par_1_12' title="bbox 0 0 1333 3910">
     <span class='ocr_line' id='line_1_32' title="bbox 0 0 1333 3910; baseline 0 0"><span class='ocrx_word' id='word_1_216' title='bbox 0 0 1333 3910; x_wconf 95' lang='lat' dir='ltr'> </span> 
     </span>
    </p>
   </div>
  </div>
 </body>
</html>
