2658 3914
503 238 622 294 CAPUT
640 239 724 294 LXII.
1026 237 1091 302 209

133 383 285 450 laudatur
297 381 511 446 Antimachus
520 380 559 468 ¹),
582 383 728 467 quicum
752 383 872 467 grande
894 380 974 446 iliud
998 403 1093 446 suum

133 476 250 556 poima
268 470 407 534 recitans
431 470 472 533 ab
491 470 653 554 omnibus,
672 473 896 555 praeterquam
914 469 1093 547 aPlatone,

135 559 265 624 relictus
298 561 395 640 essct,
426 558 554 639 Leporn,
585 559 704 642 inquit,
735 558 945 623 nihilominus.
999 556 1093 622 Picto

133 648 217 712 enim
239 645 318 709 eniti
338 665 422 709 unns
434 646 537 709 instar
549 651 594 709 est
610 647 778 710 maltorum
790 646 934 711 millium.
980 643 1092 728 Neque

134 755 203 799 non
224 732 305 796 illud
326 729 492 816 Epicuri²)
516 753 708 816 generosum
737 755 774 798 ac
800 734 1008 818 magnificum
1036 735 1093 814 cst,

134 820 191 905 qui
214 820 255 884 ad
269 817 493 901 coenosorum
512 822 654 886 scribens
677 825 710 885 et
731 822 823 904 parri
840 825 910 884 tum
925 821 1002 903 sibi,
1024 823 1094 884 tum

134 909 184 972 illi
206 906 355 972 facienda
377 929 446 972 csse
468 909 558 992 vulgi
579 908 696 972 iudicia
718 909 890 992 disserens,
919 908 1006 973 Satis
1027 928 1094 972 me

134 1016 245 1080 worn,
276 995 395 1079 inquit,
426 1000 550 1077 nterqoe
575 997 666 1060 elteri
692 996 845 1060 theatrum
874 1016 988 1060 minus.
1043 993 1095 1059 Sic

135 1082 262 1165 Cicero,
285 1081 362 1145 dum
377 1080 493 1147 Oatoni
516 1084 714 1167 probaretur,
737 1084 873 1148 eliorum
887 1083 1005 1147 iudicia
1027 1103 1095 1146 non

136 1170 376 1235 extimescebat.
429 1170 504 1235 Coto
531 1171 583 1235 ille
613 1176 723 1255 noster,
754 1169 906 1257 inquit³),
936 1172 991 1252 qni
1017 1169 1096 1234 eniti

135 1278 221 1323 unns
246 1262 291 1322 est
310 1277 371 1338 pro
398 1264 516 1324 centnm
545 1259 690 1324 milliens.
743 1259 790 1323 Et
818 1259 896 1324 alibi
926 1259 966 1323 dc
993 1258 1096 1322 Pedu-

137 1342 261 1430 ceeo⁴):
286 1345 335 1409 To
356 1366 433 1425 vero,
454 1347 570 1431 inquit,
593 1347 668 1430 lepis
686 1345 785 1425 Serto,
807 1349 931 1430 eiusque
947 1348 1096 1412 indiciam

137 1434 217 1497 eniti
232 1432 408 1514 pisones.
446 1425 492 1509 εἷς
515 1431 587 1516 ἐμοὶ
605 1431 729 1519 μύριοι.
756 1433 838 1500 Cum
852 1439 960 1499 autem
975 1433 1097 1498 Graeca

137 1521 196 1585 illa
212 1519 312 1584 verba
335 1524 467 1587 alicuius
481 1525 625 1586 veterum
644 1543 713 1586 esse
728 1526 862 1604 constet,
884 1543 988 1606 neque
1011 1521 1096 1604 quis-

139 1629 238 1692 quam
253 1606 365 1694 adhuc,
388 1610 474 1697 quod
487 1610 595 1691 sciam,
618 1609 708 1673 cuius
722 1609 797 1691 sint,
815 1610 1007 1692 prodiderit:
1030 1629 1097 1673 non

139 1697 282 1759 alienum
304 1700 428 1781 putavi,
450 1697 563 1761 testari
585 1696 663 1780 quid
684 1696 723 1760 de
746 1697 810 1760 illis
833 1697 953 1779 opiner.
991 1694 1097 1775 Suspi-

140 1804 196 1847 cor
217 1781 318 1866 igitur
340 1785 517 1851 Democriti
540 1806 618 1866 csse,
642 1784 732 1848 cuius
750 1783 812 1848 hoc
827 1784 946 1847 dictum
960 1783 1098 1847 refertur

141 1868 352 1963 aSeneca⁵):
390 1875 477 1942 Unus
503 1872 581 1936 miii
603 1893 664 1954 pro
684 1872 801 1954 populo
828 1876 886 1938 est:
913 1877 943 1936 et
962 1872 1099 1955 populos

140 1977 197 2040 pro
218 1977 292 2022 nno.

489 2153 634 2220 CAPUT
656 2151 756 2216 LXII.

213 2268 380 2325 PLENUS
398 2264 609 2322 AUFERENDI
632 2263 737 2318 CASUI
758 2261 871 2318 SAEPE
889 2261 1019 2317 CICERO

184 2356 375 2423 AmUle'r,
395 2353 543 2409 CONTRA
561 2350 683 2416 ATQUE
702 2349 876 2408 VICTORIO
895 2349 1059 2404 PLACUIT.

217 2456 377 2533 Ouiddam
407 2452 499 2517 valde
531 2451 692 2514 minutum
724 2472 761 2514 ac
791 2451 946 2533 pusillum
977 2449 1102 2514 notavit

144 2545 309 2610 Victorius
324 2542 428 2626 capItc
441 2537 546 2602 XVII.
563 2537 638 2600 libri
649 2536 768 2601 XXVI.
787 2536 959 2602 Variarum
977 2536 1101 2602 Lectio·

144 2655 238 2697 uum:
261 2631 435 2696 &cererem
447 2645 575 2707 semper,
598 2644 667 2688 curn
674 2630 786 2705 potest,
800 2627 980 2707 conionpere
993 2647 1102 2690 nmnen

143 2721 275 2804 plenos
296 2737 366 2781 cnm
382 2715 489 2799 patrio
508 2713 732 2794 peneronoiqoe
753 2733 839 2795 cosa,
857 2713 993 2776 -hacc
1016 2714 1103 2778 cuim

145 2808 248 2892 ipsius
262 2806 361 2870 verba
383 2806 518 2867 sunt-
537 2819 698 2880 nonquam
710 2803 812 2862 entem
834 2820 903 2863 enen
925 2806 1016 2877 secto,
1038 2803 1103 2864 nisi

144 2895 320 2960 necessitcte
349 2891 484 2972 quodam
516 2892 668 2952 cooetom:
704 2905 774 2950 erim
797 2891 899 2950 tomen
919 2886 978 2950 hoo
1003 2887 1103 2951 altero

145 2981 367 3046 constrictione
398 2983 427 3042 ct
458 2976 557 3042 Varro
584 2979 613 3037 et
639 2971 754 3038 Coesor
784 2978 921 3037 utantur.
975 2973 1103 3038 Profert

146 3073 256 3133 autem
282 3067 390 3132 Iocum
420 3086 520 3128 unum
551 3083 590 3126 ex
619 3058 880 3146 AccusationeO,
907 3061 965 3125 ubi
992 3059 1102 3127 Cicero

146 3158 188 3222 ab
212 3156 269 3220 illa
292 3176 351 3218 sua
373 3149 602 3216 consuetudine
624 3148 756 3213 recessit
777 3147 824 3212 ita
846 3149 1002 3213 scribens:
1031 3149 1103 3214 Ver·

146 3264 196 3308 res
218 3241 406 3308 ornamentis
425 3239 574 3320 fonnem
595 3241 686 3318 etque
707 3236 887 3320 oppoorom
912 3237 1022 3302 habeat
1036 3237 1103 3320 ple-

221 3415 242 3482 ι)
261 3413 316 3468 cio.
335 3412 398 3465 But.
417 3427 440 3464 c.
460 3415 502 3462 51.
522 3414 537 3474 5
557 3414 616 3462 191.
715 3408 736 3476 ¹)
756 3408 851 3464 Senec.
869 3410 957 3478 Epist.
976 3416 1001 3464 ’1.

220 3485 241 3552 ⁸)
260 3484 312 3552 Ep.
332 3481 368 3534 sd
387 3481 445 3534 An.
464 3480 497 3532 II.
518 3486 541 3532 5.
563 3485 586 3532 1.
663 3478 684 3546 ⁴)
703 3478 741 3531 ib.
759 3479 833 3532 XVI.
853 3486 895 3534 11.
916 3487 939 3534 l.

220 3555 241 3620 ⁶)
260 3554 311 3622 Ep.
331 3557 355 3605 7.
446 3548 515 3618 ⁶)in
533 3547 611 3601 Verr.
630 3547 676 3601 IV.
695 3554 737 3603 57.
758 3554 818 3604 126.

201 3652 302 3692 uuum
315 3657 362 3690 scr.
377 3655 425 3689 rm.
441 3655 464 3686 u
856 3643 890 3691 14
