2658 3914
513 233 631 288 CAPUT
650 235 715 288 XXI
1030 233 1092 296 145

141 379 277 459 atquae
301 379 491 460 sequuntur:
515 377 588 459 dixi,
612 398 649 441 ea
672 377 752 440 mihi
774 377 874 441 videri
866 398 1036 478 expressa
1054 377 1092 440 de

142 465 302 528 sententia
332 464 469 548 quadam
502 462 690 530 Callimachi
705 463 745 551 ¹),
777 465 832 549 qui
863 465 898 528 in
930 465 1092 547 epitaphio

142 553 243 634 patris
271 552 321 616 sui
347 552 464 635 posuit,
496 575 576 636 quos
605 552 717 617 Musae
748 574 864 635 pueros
892 556 1092 635 aspexerunt,

141 660 197 703 eos
219 661 277 722 per
299 643 402 704 totam
424 641 523 704 vitam
545 639 647 704 Musis
671 640 790 704 amicos
812 662 955 704 manere:

189 763 374 826 -Μοῦσοιι
397 757 460 845 γὰρ
484 757 584 838 ὅσους
607 758 724 827 [dost
706 787 826 846 ομμοιτι
848 764 979 844 παῖδας,

176 844 271 933 ’Ἁχρι
295 852 382 932 βίου,
405 854 541 926 πολίους
564 845 625 915 οὐκ
648 845 811 915 ἀπέθεντο
834 853 962 934 φίλους.
1068 865 1073 874 ’

143 971 243 1035 Venit
263 975 297 1035 et
319 993 358 1036 ex
381 993 418 1036 eo
439 973 475 1036 in
497 976 647 1057 mentem,
671 974 756 1058 quod
771 995 809 1037 ex
830 976 937 1037 vetere
956 972 1095 1072 quodam

142 1059 241 1123 refert
267 1058 470 1124 Eustathius.
506 1082 585 1144 quos
619 1083 686 1125 non
692 1061 873 1166 aspiciunt
858 1059 1020 1143 t‚Musae
1049 1060 1094 1123 eis

143 1145 249 1212 Circes
277 1148 393 1251 pocula
425 1147 522 1212 exitio
554 1166 637 1212 esse:
667 1141 726 1224 οὓς
758 1143 799 1212 οὐ
826 1148 1034 1233 προςορῶσιν
1061 1147 1098 1210 αἱ

143 1235 292 1316 Μοῦσαι,
323 1230 463 1310 τούτους
491 1236 580 1322 ποτῷ
614 1232 779 1319 δηλήσατο
807 1239 925 1320 Κίρκη.
970 1234 1096 1301 Sedt
1063 1239 1096 1299 et

142 1323 221 1388 illud
245 1322 336 1406 quasi
359 1325 598 1406 praetereuntes
612 1324 803 1404 notavimus,
827 1324 934 1408 quod'
925 1346 961 1388 rn
984 1324 1094 1388 eodem

142 1411 198 1475 illo
220 1409 462 1496 Epigrammata
486 1415 543 1494 est,

182 1528 227 1596 ‘0
250 1527 277 1596 ὃ
302 1528 413 1617 ἦεισεν
434 1537 612 1617 κρείσσονα
634 1537 827 1617 βασκανίης,
943 1557 946 1562 ’

144 1654 353 1719 consimiliter
378 1655 522 1718 locutum
544 1655 645 1719 videri
665 1655 837 1720 Horatium
866 1655 1004 1739 quodam
1032 1655 1094 1718 alio

143 1743 215 1807 loco
230 1739 266 1828 ²),
289 1742 345 1806 ubi
368 1763 402 1805 sc
426 1743 545 1806 invidio
566 1743 714 1808 maiorem
735 1743 930 1808 vaticinatur
951 1743 1029 1806 fore.

491 1985 635 2052 CAPUT
657 1987 744 2052 XXI.

146 2105 362 2161 INSULARUM
375 2105 681 2170 FORTUNATARUM
694 2107 907 2162 DESCRIPTIO
922 2107 970 2160 ΕΤ
985 2107 1095 2161 SITUS.

211 2232 324 2298 Prodit
309 2237 379 2298 tum
402 2237 452 2297 est
473 2256 494 2298 a
515 2232 676 2297 veteribus
698 2232 816 2316 poetis,
844 2253 913 2296 csse
942 2232 1097 2315 quasdam

146 2324 181 2387 in
205 2320 332 2387 Oceano
360 2322 492 2407 insulas,
520 2321 561 2385 ad
584 2342 663 2404 quas
686 2323 762 2405 post
788 2322 925 2384 mortem
952 2320 1096 2383 deferan-

146 2415 333 2474 turcorum
355 2410 468 2493 animi,
495 2409 549 2494 qui
577 2412 686 2472 sancte
713 2408 923 2493 religioseque
950 2408 1097 2472 vixerint.

147 2498 199 2562 Ibi
221 2519 276 2561 cos
298 2498 382 2560 inter
405 2519 439 2560 sc
462 2496 690 2561 iucundissime
712 2517 750 2560 ac
774 2496 960 2560 suavissime
983 2496 1097 2578 vivere,

147 2586 182 2649 in
210 2584 435 2649 amoenissimo
463 2585 600 2668 quodam
626 2588 733 2667 prato,
761 2584 847 2668 quod
874 2604 1020 2669 gemmea
1041 2584 1097 2648 flo-

147 2695 220 2737 rum
243 2672 342 2736 oculis
365 2672 560 2756 naribusque
574 2672 830 2756 gratissimorum
852 2673 1007 2736 varietate
1028 2693 1097 2755 per·

148 2764 245 2844 petuo
268 2760 454 2823 distinctum
468 2760 726 2843 picturatumque
749 2760 799 2824 sit
835 2757 1009 2842 Nunquam
1031 2781 1099 2822 non

149 2847 216 2910 illic
237 2847 339 2910 nitere
362 2849 493 2928 caelum,
516 2847 664 2911 frondere
679 2847 818 2925 arbores,
840 2846 1012 2928 pubescere
1027 2845 1098 2909 her-

149 2935 217 3015 bas,
239 2932 342 2996 ridere
366 2935 482 3015 omnia,
505 2934 626 3016 spirare
641 2933 766 2996 assidue
780 2932 985 2995 mollissimos
998 2931 1098 2996 Favo-

150 3021 232 3104 nios‚
255 3040 390 3104 quorum
404 3020 538 3083 flabellis
562 3021 712 3083 arborum
730 3039 839 3082 comae
861 3019 976 3082 leniter
998 3019 1099 3082 venti-

150 3110 235 3172 latae
258 3106 474 3190 placidissimo
488 3127 649 3170 murmure
664 3105 793 3169 auribus
811 3105 1027 3170 blandiantur.
1050 3105 1099 3170 Eo

150 3197 299 3261 accedere
326 3194 592 3258 innumerabilem
617 3194 683 3257 vim
712 3214 750 3258 ac
781 3194 906 3276 copiam
936 3194 1099 3257 immorta-

149 3286 230 3350 lium
253 3283 458 3366 avicularum,
481 3303 561 3366 quae
575 3302 675 3365 usqua
698 3284 731 3346 et
748 3301 849 3365 usquc
871 3281 1100 3365 liquidissimos

223 3474 245 3576 ²)
263 3473 358 3543 Epigr
378 3472 464 3527 XXII.
483 3478 508 3526 4.

223 3543 352 3613 ¹)Carm
371 3543 405 3596 Π.
424 3549 467 3597 20.
485 3549 510 3597 4.

203 3641 303 3682 Μιιιιι
342 3649 420 3680 ιιι
