2658 3914
252 211 313 274 186
622 210 703 265 111111
723 209 826 264 Lacr.

610 439 755 506 CAPUT
777 439 847 512 LII.

300 559 502 616 PUERORUM
520 560 648 629 Lusus
668 559 799 625 QUIBUS
818 559 954 614 MAXIMI
972 558 1150 614 MOMENTI

410 647 575 704 NEGOTIA
591 646 922 702 PRAESIGNIFIGATA
942 647 1047 703 SUNT.

315 754 427 820 Solent
457 756 550 841 pueri
581 756 743 820 interdum
776 755 973 820 colludentes
1005 753 1127 819 imitari
1161 776 1210 838 ea,

249 865 330 927 quae
353 845 491 908 maxime
515 844 597 907 seria
620 848 711 926 sunt;
734 863 838 927 neque
860 864 934 908 raro
949 843 1209 907 animadversum

249 935 299 996 est
321 953 429 996 eorum
457 932 586 996 ludicris
615 931 776 1015 quandam
799 931 928 995 futurae
952 930 1108 995 sortisse
1132 951 1208 994 con·

250 1019 384 1084 dicionis
409 1020 677 1106 significationem
706 1019 872 1083 contineri.
926 1017 1084 1083 Romulus
1112 1021 1210 1100 certe,

249 1129 322 1171 cum
346 1108 450 1173 adhuc
472 1109 606 1193 ignarus
621 1129 698 1171 suae
713 1107 847 1190 originis
861 1107 946 1170 inter
969 1110 1116 1189 pastores
1132 1105 1208 1169 edu-

249 1199 387 1278 caretur,
410 1218 465 1259 rex
489 1197 530 1260 ab
552 1197 616 1260 illis
638 1216 696 1279 per
718 1194 830 1258 ludum
853 1196 987 1278 creatus,
1010 1198 1043 1257 et
1064 1215 1208 1277 peream

250 1283 451 1347 occasionem
465 1283 506 1347 ad
527 1303 682 1366 magnum
698 1285 849 1365 patruum
871 1282 1052 1365 perductus,
1075 1281 1208 1364 puerilis

250 1370 464 1453 simplicitatis
496 1371 766 1455 praesagitionem
797 1391 832 1433 re
864 1391 901 1434 ac
925 1369 1031 1433 tactis
1061 1390 1208 1451 compro·

249 1458 346 1522 bavit.
393 1456 485 1533 Quod
507 1457 614 1541 ipsum
637 1462 670 1521 et
693 1457 731 1521 de
746 1455 829 1540 Oyro
837 1455 863 1542 ¹)
886 1458 1021 1542 aliisque
1043 1457 1208 1540 proditum

249 1545 405 1611 novimus.
451 1545 513 1611 Sed
528 1550 560 1610 et
572 1545 608 1610 L.
623 1544 813 1629 Septimium
831 1543 992 1628 Severum,
1016 1546 1071 1629 qui
1093 1548 1209 1627 postea

249 1632 397 1698 Romano
420 1634 554 1718 imperio
578 1633 730 1718 praefuit,
757 1633 857 1698 tradit
880 1629 1111 1718 Spartianusl),
1134 1655 1208 1697 cum

250 1722 354 1786 adhuc
384 1724 537 1806 puerulus
565 1725 663 1800 esset,
695 1721 821 1785 nullum
852 1721 951 1784 alium
981 1720 1093 1785 ludum
1122 1721 1208 1784 inter

250 1831 367 1893 pueros
395 1811 586 1894 exercuisse,
612 1810 676 1874 nisi
703 1809 744 1873 ad
766 1809 901 1873 iudices:
929 1809 1093 1891 cumipse
1115 1829 1208 1892 prae-

250 1897 324 1960 latis
347 1898 488 1962 fascibus
501 1919 539 1962 ac
562 1898 738 1980 securibus,
762 1897 872 1962 ordine
886 1918 1058 1980 puerorum
1073 1896 1208 1960 circum·

251 1987 372 2067 stante,
400 1986 524 2050 sederet
545 2007 583 2050 ao
605 1986 767 2049 iudicaret
818 1982 910 2059 Quod
933 1988 1040 2048 autem
1063 1984 1114 2049 his
1138 2005 1207 2048 om·

250 2072 346 2136 nibus
369 2074 471 2138 multo
494 2074 597 2137 maius
621 2095 658 2137 ac
680 2073 896 2156 praestantius
921 2076 979 2154 est,
1003 2073 1209 2138 sanctissimo

250 2160 522 2226 viro‘Athanasio
546 2183 690 2225 summus
714 2161 791 2224 ordo
814 2161 849 2224 in
872 2160 1004 2225 ecclesia
1017 2158 1079 2223 Dei
1091 2160 1210 2244 puerili

251 2249 390 2332 quodam
417 2251 493 2314 ludo
520 2249 796 2334 praesignificatus
824 2251 881 2312 est.
930 2246 1015 2312 Nam
1038 2268 1110 2312 cum
1134 2269 1210 2312 eum

251 2339 400 2419 aequales
423 2338 486 2420 sui,
508 2338 591 2402 festo
616 2337 754 2421 quodam
777 2336 828 2399 die
851 2336 888 2399 in
909 2336 1017 2399 littore
1031 2335 1129 2398 maris
1144 2335 1210 2398 col-

251 2424 411 2509 ludentes,
443 2424 641 2507 Episcopum
673 2427 848 2505 creassent,
885 2426 918 2488 et
948 2422 990 2489 ad
1021 2444 1094 2488 eum
1126 2423 1210 2487 alios

253 2512 409 2594 quosdam
430 2512 581 2594 puerulos
603 2511 747 2575 nondum
770 2510 950 2594 baptizator
973 2510 1211 2594 perduxissent,

250 2598 383 2682 ipseque
406 2619 474 2681 eos,
502 2599 678 2663 observatis
702 2599 742 2662 ad
769 2619 910 2683 unguem
938 2599 1087 2663 omnibus
1110 2599 1211 2662 eccle·

252 2685 389 2751 siasticis
417 2686 532 2750 ritibus
556 2687 795 2770 salutariaque
823 2686 986 2750 tinxisset:
1016 2685 1211 2770 Alexander,

251 2772 431 2859 Episcopus
444 2775 667 2856 Alexandriae,
690 2775 745 2858 qui
767 2777 873 2839 totum
886 2775 977 2838 illum
999 2774 1109 2838 ludum
1132 2774 1212 2838 emi-

251 2883 313 2928 nus
328 2867 528 2947 spectaverat
542 2866 637 2948 atque
652 2861 749 2927 etiam
764 2883 783 2925 a
796 2861 954 2946 principio
972 2862 1083 2946 iniquo
1099 2861 1211 2926 animo

250 2952 382 3036 tulerat,
409 2974 481 3016 cum
504 2953 625 3017 vocatis
653 2950 694 3014 ad
721 2971 754 3014 se
781 2950 889 3034 pueris
916 2970 984 3014 rem
1010 2953 1114 3014 totam
1139 2949 1212 3012 dili-

252 3045 365 3124 genter
391 3040 607 3124 cognovisset,
638 3038 876 3122 pronunciavit,
904 3059 1020 3120 pueror
1047 3038 1121 3101 illos
1148 3035 1213 3101 rite

252 3129 431 3211 baptizatos
459 3127 572 3210 videri,
598 3147 702 3210 neque
725 3125 862 3209 amplius
885 3124 1096 3208 baptizandos
1125 3145 1213 3208 esse3

253 3217 431 3281 adiicienda
452 3218 580 3278 tantum
595 3214 636 3277 ad
658 3214 737 3278 illud
752 3212 942 3297 mysterium
956 3235 1002 3297 ea,
1025 3234 1106 3297 quae
1120 3234 1214 3277 more

253 3307 350 3388 atque
372 3303 521 3366 instituto
536 3300 720 3365 Christiano
735 3323 755 3367 a
769 3300 987 3366 sacerdotibus
1011 3301 1094 3366 obiri
1117 3322 1214 3386 opor·

326 3458 346 3526 ¹)
364 3456 466 3511 Herod.
484 3455 505 3512 l.
526 3461 586 3514 114.

326 3527 387 3597 ¹)e.
409 3533 432 3581 1.
