2658 3914
243 187 306 249 140
470 135 476 144 ι
616 183 702 238 VAR.
719 181 822 236 LECT.

242 328 304 394 Sed
319 332 352 394 et
365 328 450 413 apud
460 327 643 391 Martialem
657 326 872 390 meminisses
887 327 1086 410 epigramma
1096 328 1204 410 quod·
1310 367 1311 380 ι

241 419 316 482 dam
339 418 374 481 in
395 416 480 480 hanc
504 415 707 492 sententiam,
730 414 819 478 cuius
843 415 923 477 haec
943 415 1086 478 clausula
1099 413 1205 499 est¹):

306 539 409 605 Rebus
431 539 466 602 in
487 539 623 603 adrosis
643 538 736 618 focile
758 543 802 602 est
822 542 1008 602 contemnere
1028 539 1140 614 ottom;

372 625 510 691 Fortiter
531 626 584 690 elle
603 626 689 706 facit,
711 627 766 708 qui
786 626 880 690 miser
902 645 964 690 esse
979 630 1087 707 potest.

593 817 737 884 CAPUT
759 817 846 883 XVI.

275 939 324 994 DE
343 939 480 994 VETERI
496 938 713 1007 PROVERBIO‚
733 937 807 1003 QUO
825 937 1044 1008 DICEBATUR,
1063 937 1164 1003 QUOD

475 1025 678 1082 PULCHRUM
696 1025 764 1080 EST
782 1025 957 1080 PLAUERU.

308 1152 396 1229 Quae
419 1153 553 1236 pulchra
576 1152 664 1234 sunt,
687 1152 806 1216 habere
830 1173 901 1216 eam
922 1153 1002 1234 vim,
1024 1155 1062 1217 ut
1084 1154 1201 1218 statim

241 1240 1202 1324 conspectaomniumsibivoluntatemconcilient,amorem·

243 1351 305 1412 que
324 1329 513 1412 adiungant,
536 1328 658 1390 nemini
676 1328 825 1412 ignotum
844 1349 913 1392 esse
932 1329 996 1393 nisi
1015 1331 1198 1394 communis

241 1438 354 1482 sensus
378 1417 500 1500 experti
522 1419 639 1498 potest.
676 1415 791 1499 ltaque
815 1416 930 1479 scitum
953 1421 1003 1480 est
1025 1417 1102 1481 illud
1121 1416 1194 1480 Ari-

241 1504 380 1588 stoteliS,
396 1505 465 1589 ‘qui
494 1504 712 1587 interrogatus
736 1503 922 1587 abaliquo,
950 1505 1005 1588 qui
1029 1505 1131 1582 fieret,
1158 1510 1197 1570 ut

239 1592 367 1676 pulchri
397 1597 465 1656 tam
498 1592 591 1656 facile
623 1592 664 1655 ab
696 1591 845 1655 omnibus
877 1596 1075 1656 amarentur:
1108 1595 1196 1658 caeci
1271 1637 1274 1644 .

240 1703 312 1746 eam
339 1681 628 1765 interrogationem
656 1701 723 1743 esse
750 1680 918 1762 respondit
923 1677 959 1765 ².)
1007 1679 1053 1744 Et
1080 1679 1196 1746 Graeci

241 1769 402 1853 sapienter
425 1791 483 1832 sua
505 1769 617 1853 lingua
638 1767 772 1851 pulchro
796 1788 834 1830 ex
853 1787 890 1830 eo
908 1767 1051 1832 indidere
1065 1791 1200 1850 nomen,

242 1857 328 1963 quod
360 1878 472 1920 omnes
504 1856 546 1919 ad
573 1877 606 1919 se
635 1855 768 1918 alliciat:
802 1855 951 1918 dixerunt
977 1856 1064 1919 enim
1091 1851 1200 1920 nutrio

240 1937 328 2028 παρὰ
345 1938 383 2007 τὸ
403 1937 570 2023 καλεῖν,“
551 1965 602 2006 oce
620 1937 745 2016 πάντας
763 1936 846 2025 ἐφ’
829 1937 925 2006 aava
940 1947 1042 2006 καλεῖ.
1071 1944 1196 2008 Testati

241 2034 317 2095 sunt
348 2031 433 2094 idem
465 2031 597 2115 vulgato
630 2031 707 2094 olim
735 2030 917 2114 proverbio,
945 2052 1008 2114 quo
1036 2031 1195 2112 dicebant,

241 2120 325 2206 quod
347 2119 517 2203 pulchrum
540 2121 632 2201 esset,
654 2118 686 2181 id
710 2118 837 2181 demum
861 2119 998 2182 amioum
1022 2141 1099 2183 csse.
1144 2083 1196 2185 Eri

241 2229 318 2272 usus
341 2210 391 2271 est
412 2206 615 2291 Euripides
607 2227 641 2268 rn
664 2203 840 2289 Bacchis3),
867 2206 923 2269 ubi
944 2206 997 2270 hic
1019 2207 1200 2272 versiculus

241 2296 374 2379 legitur:

279 2405 372 2472 Ὅτι
394 2401 499 2470 καλὸν
521 2360 623 2487 φίλαν
646 2398 707 2471 olet.

239 2523 284 2587 Et
301 2519 428 2585 Plato
418 2541 453 2583 1n
471 2518 586 2626 Lyside
591 2516 641 2626 )
652 2512 758 2582 Ἀλλὰ
780 2519 825 2606 τῷ
849 2543 920 2584 οντι
944 2515 1043 2596 αὐτὸς
1066 2522 1199 2603 ίλιγγιῶ

240 2605 304 2674 ὑπὸ
331 2608 391 2714 τῆς
412 2607 474 2671 τοῦ
496 2600 641 2688 λόγον’
622 2609 770 2713 artoptas.
801 2587 856 2670 irai
879 2605 1084 2689 κινδυνεύει,
1112 2605 1195 2673 κατὰ

240 2692 302 2780 τὴν
321 2689 464 2796 ἀρχαίαν
481 2696 674 2778 παροιμίαν,
696 2689 733 2758 τὸ
753 2690 857 2758 καλὸν
875 2691 1021 2777 φίλον
990 2719 1086 2761 ειναι.
1114 2696 1195 2761 llius

241 2787 348 2849 autem
376 2783 533 2868 originem
562 2783 603 2847 ad
624 2780 795 2846 Musast
763 2786 795 2846 et
823 2783 863 2846 ad
886 2780 1087 2847 Gratiasf
1036 2806 1070 2847 rc
1072 2783 1195 2849 f:erunt

242 2895 323 2958 quae
350 2893 423 2937 cum
451 2871 679 2936 convenissent
704 2869 745 2934 ad
767 2871 898 2954 nuptias
922 2869 1035 2935 Cadmi
1058 2875 1091 2934 et
1113 2871 1196 2935 Har-

240 2961 382 3044 moniae,
408 2959 579 3044 pulchrum
607 2980 749 3042 carmen,
777 2980 839 3043 quo
868 2980 906 3022 ea
933 2959 1094 3024 sententia
1121 2980 1197 3024 con·

241 3050 410 3126 tineretur,
441 3047 617 3112 immortali
644 3069 698 3112 ore
726 3047 912 3130 cecinerint,
943 3069 1047 3112 novae
1074 3049 1198 3130 nuptae

242 3135 528 3220 pulchritudinem,
559 3138 597 3200 ut
627 3134 799 3199 verisimile
833 3139 894 3218 est,
926 3134 1198 3199 commendantes.

313 3291 336 3497 Ξ
350 3289 545 3428 llitglsslraert.
560 3356 593 3412 V.
607 3362 650 3413 20.

353 3447 379 3483 v.
399 3435 460 3483 879.

314 3501 339 3567 ⁴)
355 3517 382 3568 p.
403 3503 463 3552 216.
483 3496 510 3552 Ο.
