2658 3914
209 184 271 248 182
577 186 661 241 VAR.
680 184 782 240 LECT.

206 332 319 412 po'e'tae
330 328 442 394 Graeci
456 329 601 412 exemplo
617 329 737 393 dietum
747 349 825 413 esse,
839 349 877 393 ex
892 351 955 414 quo
970 329 1168 414 quadratum

207 439 335 483 versum
357 417 595 502 perelegantem
618 417 698 482 citat
719 414 958 503 Plutarehns¹):

252 535 302 605 ot
325 535 565 625 φιλάνθρωπος
579 534 621 604 σύ
641 533 672 622 γ’
690 533 770 604 ἐσθ’.
793 536 1012 691 ἔχεὲςδνιξσον.
1038 543 1168 627 χαίρεις

863 652 874 691 ι
900 650 967 704 ους.

205 751 256 816 Ibi
284 751 369 814 enim
396 750 540 835 quisquis
567 751 620 816 ille
648 754 710 835 est,
743 751 797 835 qui
829 751 964 836 loquens
990 751 1164 836 inducitur,

149 891 151 914 ,
206 842 318 924 negat,
342 839 427 924 quod
450 839 531 903 alius
555 839 715 924 quispiam
729 838 839 903 multis
852 839 1022 924 pecuniam
1044 839 1163 924 largia-

205 932 271 1012 tur,
298 928 331 992 id
359 928 400 993 ab
427 927 528 1010 ipsius
554 927 756 994 humanitate
784 948 821 992 ao
847 927 1040 991 liberalitate
1067 928 1162 1010 profi-

206 1015 295 1080 cisci:
319 1037 391 1080 eum
415 1016 500 1080 enim
523 1016 578 1080 illo
602 1016 696 1101 quasi
714 1015 826 1080 morbo
850 1015 965 1101 teneri,
988 1018 1025 1081 ut
1047 1015 1163 1080 dandis

204 1103 349 1186 pecuniis
372 1104 519 1188 gaudeat.

535 1312 678 1379 CAPUT
699 1312 830 1378 XLVII.

239 1431 288 1486 DE
306 1433 512 1501 ARIMASPIS,
532 1432 605 1488 OUR
621 1433 722 1488 DIOTI
741 1432 824 1487 SINT
843 1431 951 1487 UNUM
969 1431 1125 1487 TANTUM

206 1521 355 1576 OCULUM
377 1520 536 1575 HABERE:
567 1521 657 1575 ITEM
680 1521 728 1575 DE}
751 1519 916 1589 POPULIS,
944 1521 1042 1574 APUD
1066 1519 1161 1585 QUOS

328 1608 439 1664 PUERI
458 1608 629 1663 OBLONGO
650 1607 781 1663 OAPITE
800 1607 1031 1664 NASOUNTUR.

271 1734 429 1800 Homines
457 1755 526 1798 esse
554 1735 709 1818 quosdam
736 1735 771 1798 in
798 1732 929 1817 Scythia
960 1733 1162 1798 tradiderunt

207 1845 245 1887 ex
272 1823 414 1906 antiquis
440 1822 602 1905 nonnulli,
630 1821 685 1906 qui
711 1843 811 1886 unum
839 1825 966 1885 tantum
993 1821 1028 1884 in
1055 1821 1162 1886 media

205 1912 312 1975 fronte
327 1910 454 1974 oculum
467 1909 631 1974 haberent.
676 1909 856 1990 Arimaspis
869 1930 988 1974 nomen
1002 1911 1060 1991 est,
1079 1930 1160 1993 quos

206 2002 239 2063 et
260 1995 469 2082 Aeschylusl)
497 2019 537 2061 ex
559 2018 596 2060 eo
619 1997 775 2079 μονῶπας
801 2001 903 2062 vocat.
948 1996 1060 2080 Ipsum
1083 2018 1161 2081 quo-

207 2108 267 2170 que
282 2085 527 2169 Arimasporum
541 2106 660 2150 nomen
682 2106 722 2149 ex
743 2107 778 2148 re
791 2085 855 2149 illis
873 2084 1011 2149 inditum
1034 2089 1160 2168 putant.

207 2173 355 2258 Scythica
378 2174 464 2238 enim
490 2174 603 2258 lingua
629 2173 681 2237 ari
702 2195 803 2236 unum
826 2195 909 2256 esse,
935 2192 1065 2255 musgros
1087 2193 1159 2237 oeu-

206 2264 281 2327 lum.
327 2260 389 2326 sed
413 2262 528 2346 quibus
552 2281 645 2326 curae
674 2260 736 2324 fuit
767 2260 934 2326 veritatem
960 2282 1068 2324 rerum
1091 2260 1160 2324 dili-

206 2351 334 2434 gentius
356 2349 523 2434 indagare,
550 2371 621 2412 eam
649 2350 778 2432 gentem
801 2370 876 2412 arou
899 2352 932 2413 et
957 2348 1086 2433 sagittis
1108 2369 1160 2412 ex-

207 2439 353 2502 celluisse
368 2440 561 2519 memorant,
580 2457 659 2519 quas
674 2457 747 2500 eum
765 2435 940 2521 dirigerent
954 2438 1160 2520 alterumque,

206 2530 243 2589 ut
269 2525 319 2608 fit,
347 2525 474 2588 oculum
501 2523 686 2588 clauderent
713 2524 899 2608 adsiduique
921 2525 957 2589 in
988 2546 1027 2590 eo
1055 2523 1159 2588 studio

207 2615 323 2696 essent,
347 2611 423 2675 disti
447 2615 522 2675 sunt
544 2633 609 2676 uno
631 2614 760 2676 tantum
783 2613 875 2677 oculo
898 2612 956 2676 uti.
999 2611 1159 2676 Fortassis

207 2701 318 2784 etiam,
346 2699 432 2784 quod
460 2700 489 2762 ei
517 2700 564 2763 rei
591 2721 611 2763 a
637 2701 745 2782 pueris
772 2699 997 2784 adsuefierent,
1029 2699 1160 2764 alterius

207 2788 291 2852 oeuli
327 2789 403 2852 orbe
435 2791 527 2852 erant
558 2788 781 2870 contractiore,
812 2809 966 2871 versaque
995 2787 1161 2872 paulatim,

206 2881 243 2940 ut
266 2897 360 2960 saepe
388 2876 515 2960 accidit,
542 2876 577 2940 in
604 2880 754 2940 naturam
780 2876 1010 2940 consuetudine
1032 2878 1165 2958 patrum

208 2965 327 3029 similes
349 2964 407 3028 filii
427 2965 651 3047 nascebantur,
674 2985 818 3049 quaeque
836 2963 871 3027 in
893 2964 1038 3047 patribus
1057 2963 1160 3028 defor-

208 3053 302 3117 mitas
330 3074 369 3116 ex
396 3053 560 3118 oculorum
587 3053 814 3135 inaequalitate
842 3049 1011 3134 ἐπίκτητος
1042 3054 1076 3115 et
1106 3050 1160 3114 ad·

207 3141 358 3224 reatinis,
387 3142 497 3205 eadem
524 3141 559 3203 in
585 3139 659 3203 filiis
687 3139 801 3204 innata
829 3143 924 3223 atque
952 3139 1051 3204 insita
1082 3142 1159 3204 erat.

207 3225 259 3291 Ita
273 3232 356 3292 certe
371 3229 409 3291 de
425 3228 614 3311 quibusdam
628 3228 663 3291 in
676 3226 757 3292 Asia
778 3227 905 3312 populis
920 3227 1028 3312 gravis
1042 3231 1161 3311 auctor,

280 3433 299 3501 ¹)
317 3433 375 3486 Vit.
394 3432 500 3501 Poplio.
519 3449 542 3487 o.
564 3438 604 3490 15.

279 3503 300 3573 ¹)
318 3503 409 3558 Prom.
429 3509 489 3558 810.
