2656 3910
236 228 281 294 44
562 227 741 284 EPISTOLA
758 225 858 282 XXIX.

236 373 330 438 valde
352 372 502 450 mirabar,
526 372 553 435 si
575 371 635 436 tibi
649 393 723 435 eum
735 371 866 452 impune
887 368 1018 434 laudare
1039 369 1198 435 licuisset

236 460 288 525 Ita
311 461 397 524 enim
411 460 509 524 homo
533 463 595 524 est:
619 459 664 523 eis
688 459 765 523 solis
778 457 953 541 plurimum
975 457 1108 540 invidet,
1122 459 1195 542 qui-

237 549 297 613 bus
320 548 495 631 plurimum
509 546 611 611 debet.
644 545 812 622 Quomodo
835 566 886 610 me
901 545 1067 628 acceperit,
1089 547 1195 610 nosti:

238 638 397 721 quantum
419 639 527 699 autem
550 634 630 698 mihi
644 635 768 717 debeat,
791 636 824 698 et
845 634 913 717 ipse
928 635 962 696 et
984 633 1039 697 alii
1062 633 1195 717 plurimi

237 725 367 787 norunt.
412 722 461 786 Tu
483 744 558 786 vero
581 741 641 806 pro
664 743 729 786 uno
757 721 875 806 frigido
898 721 1114 786 obtrectatore
1135 721 1194 784 ha·

239 811 363 874 biturus
396 832 429 874 es
456 811 720 891 innumerabiles,
748 810 804 894 qui
829 812 862 874 te
890 830 928 873 sc
958 809 1086 873 labores
1117 812 1197 874 tuos

238 898 386 963 laudibus
415 898 451 962 in
478 899 601 962 caelum
628 898 742 962 ferent.
787 895 850 962 Sed
876 897 956 960 haec
980 897 1067 961 alias.
1112 895 1194 961 Peto
1306 949 1307 956 ,

239 990 327 1071 ate,
353 989 392 1051 ut
412 1007 464 1050 me
491 1007 579 1052 ames
606 1006 710 1069 neque
732 985 772 1049 de
798 1007 871 1050 mes
898 1006 975 1068 erga
996 989 1029 1048 te
1055 1005 1194 1069 propen-

240 1075 367 1140 sissime
380 1076 547 1140 voluntate
562 1073 698 1138 dubites,
721 1071 818 1137 Plura
832 1074 1015 1137 scriberem:
1030 1071 1086 1136 sed
1099 1077 1195 1156 urget

238 1163 292 1226 hic
315 1163 436 1226 amicus
462 1183 568 1245 meus,
589 1162 638 1226 vir
660 1161 765 1226 bonus
792 1164 826 1226 et
851 1161 1026 1244 litteratus,
1049 1181 1113 1244 quo
1135 1181 1194 1224 no-

240 1250 326 1314 mine
354 1253 523 1313 sumata
547 1270 674 1334 quoque
700 1249 886 1314 humaniter
908 1249 1011 1331 excipi
1033 1249 1117 1313 volo.
1161 1247 1196 1312 Is

241 1359 313 1401 cum
337 1337 447 1401 stetim
462 1336 658 1400 discessurus
682 1340 774 1418 essct,
797 1337 851 1400 vix
874 1337 914 1400 ad
931 1337 1012 1402 haec
1034 1337 1105 1419 ipsa
1119 1336 1194 1400 sori·

240 1424 348 1490 banda
376 1425 454 1489 satis
481 1423 561 1488 mihi
588 1424 742 1508 temporis
769 1424 865 1488 dedit.
910 1423 1015 1500 Quare
1045 1425 1197 1509 ignosces
1308 1477 1309 1500 p

241 1513 352 1590 etiam,
380 1513 408 1576 si
431 1512 508 1596 quid
533 1512 618 1578 forte
645 1513 751 1578 minus
775 1515 920 1578 accurate
948 1513 1103 1596 scriptum
1126 1511 1194 1576 erit

242 1599 367 1676 Quaeso
381 1605 423 1684 te,
446 1600 577 1666 scribito
591 1600 713 1686 aliquid
736 1600 776 1666 ed
790 1599 1034 1665 Berzeviceeum
1047 1602 1195 1664 nostrum
1308 1593 1309 1656 l

241 1692 275 1753 et
288 1689 468 1773 significato
483 1690 522 1773 ei,
544 1690 682 1754 multum
696 1689 867 1754 accessisse
881 1688 922 1752 ad
936 1691 1077 1753 veterem
1089 1708 1196 1750 meam

242 1796 319 1861 erga
350 1799 423 1846 eum
455 1776 727 1855 benevolentiam,
758 1777 844 1861 quod
876 1776 1063 1840 conciliator
1097 1775 1197 1839 fuerit
1308 1773 1309 1790 ¹

243 1865 402 1930 amicitiae
424 1868 568 1947 nostrae3
594 1866 673 1928 item
694 1863 786 1947 illud,
813 1886 865 1928 me
887 1864 998 1946 paucis
1021 1863 1132 1927 diebus
1154 1862 1196 1926 ad

242 1953 311 2015 eius
333 1953 466 2036 litteras,
489 1974 569 2036 quas
592 1973 657 2016 una
672 1973 744 2016 cum
757 1952 822 2016 tuis
836 1952 953 2035 accepi,
975 1951 1195 2035 copiosissime

242 2061 480 2123 responsurum.
526 2037 637 2105 Saluta
664 2041 762 2104 etiam
788 2040 869 2104 mihi
891 2039 1062 2124 diligenter
1089 2039 1197 2103 claris·

244 2128 360 2192 simum
387 2129 504 2211 virum,
531 2127 668 2194 Paulum
694 2127 844 2211 Foxium,
867 2126 1038 2192 Oratorem
1063 2127 1198 2211 regium,

244 2217 299 2302 qui
322 2217 451 2300 quando
474 2217 559 2280 tanti
581 2238 632 2280 me
655 2236 724 2280 esse
739 2215 839 2298 duxit,
860 2218 898 2280 ut
919 2236 970 2279 me
994 2214 1035 2279 ad
1057 2215 1197 2278 scriben-

243 2304 320 2369 dum
342 2305 459 2370 litteris
487 2305 553 2368 suis
576 2303 779 2367 excitandum
801 2304 975 2387 putaverit,
997 2302 1108 2366 mirari
1129 2323 1198 2366 non

243 2392 382 2474 debebit,
405 2393 432 2456 si
447 2390 575 2474 quando
590 2409 650 2474 ego
669 2390 845 2456 honorifica
866 2391 967 2474 ipsius
982 2390 1198 2475 appellatione

245 2480 400 2561 scriptum
424 2477 554 2562 aliquod
577 2499 684 2542 meum
707 2499 860 2544 exornare
887 2501 955 2544 non
977 2479 1119 2542 verebor.
1151 2476 1199 2540 Mi

245 2567 376 2718 Oiiimie
389 2568 423 2630 ct
444 2565 657 2718 eruditipsirlple
677 2565 834 2718 I(triphoni,
861 2568 960 2631 etiam
981 2570 1078 2652 atque
1101 2566 1199 2630 otiam

244 2677 264 2718 r
299 2676 324 2719 c.
378 2675 479 2720 omae.
528 2676 555 2718 rr
578 2703 586 2720 .
647 2703 654 2718 .
694 2675 746 2718 an.
768 2671 912 2719 unum.

640 2795 800 2806 *nnn—-

662 2881 771 2948 XXIX

434 3007 483 3083 M.
510 3000 752 3083 'ANTONIUS
779 3007 1002 3083 MURETUb

553 3143 713 3200 naucum
731 3144 889 3201 OIOFANO

692 3251 713 3293 S.
727 3252 754 3292 D.

312 3360 365 3425 Ite
387 3358 498 3424 crebra
521 3361 598 3422 sunt
618 3359 675 3421 tua
689 3377 766 3442 erga
788 3379 838 3422 me
853 3358 968 3443 officia,
990 3363 1028 3424 ut
1041 3378 1111 3444 ego,
1125 3359 1203 3443 quia

246 3449 329 3513 nihil
353 3447 456 3511 adhuc
479 3466 592 3509 caussa
613 3448 671 3508 tua
684 3467 723 3508 ex
746 3447 845 3510 animi
867 3448 931 3510 mei
950 3448 1110 3511 sententia
1133 3446 1202 3510 offi-

247 3557 318 3600 cere
349 3536 408 3618 pot
433 3533 454 3616 ⁸,
486 3533 611 3617 quoties
640 3533 679 3596 de
705 3536 739 3597 te
771 3534 891 3619 cogito,
923 3531 971 3619 (id
999 3534 1084 3619 quod
1115 3534 1202 3601 facio
