2658 3914
525 248 644 304 CAPUT
662 247 724 304 VII
1037 246 1099 310 127

145 391 328 500 κωμῳδιῶν
351 387 632 475 λαμβάνοντες,”
613 415 664 457 οτι
686 385 845 456 κόπτουσι
867 388 924 456 καὶ
950 390 1099 474 ψοφοῦσι

145 475 203 555 τὰς
229 477 357 544 ἑαυτῶν
383 476 493 564 θύρας
521 481 650 544 ἔσωθεν
678 480 713 544 ολ
740 478 891 564 προϊέναι
915 478 1100 586 μέλλοντες,

147 587 234 643 οπως
266 573 423 650 αἴσθησις
450 565 510 644 ἔξω
538 566 668 649 γένοιτο
696 579 767 644 τοῖς
793 559 1100 674 παρερχομένοις”
1079 591 1099 649 η

145 655 340 737 προεστῶσι,
363 650 476 719 καὶ
436 678 481 762 μη
500 651 806 739 καταλαμβάνοιντο
821 652 1017 742 προϊούσαις
1030 665 1102 730 ταις

146 739 330 807 κλεισιάσιν
353 745 401 820 εἰς
422 738 483 808 τὸν
506 741 687 810 στενωπόν.

506 1003 650 1071 CAPUT
672 1003 747 1069 VH.

150 1120 389 1177 SENTENTIAM
402 1122 526 1192 ILLAM,
539 1123 676 1178 PATRIA
689 1123 766 1193 EST,
780 1123 990 1190 UBICUNQUE
1005 1123 1102 1179 BENE

286 1209 364 1279 EST,
383 1210 503 1265 ACUTE
522 1209 547 1265 A
565 1210 673 1265 LYSIA
690 1210 970 1268 REPREHENSAM.

201 1353 308 1430 -Quod
349 1354 386 1419 in
420 1358 526 1419 vetere
561 1355 728 1440 tragoedia
739 1353 764 1442 1)
799 1355 982 1422 Telamonis
1018 1357 1102 1420 fflius

148 1441 269 1507 Teucer
290 1442 407 1508 dixisse
429 1443 576 1527 traditum,
592 1445 734 1526 patriam
757 1465 819 1510 csse
839 1446 954 1527 ιαιααο,
975 1445 1103 1510 abaco·

148 1550 205 1610 que
231 1531 338 1612 totquc
363 1536 438 1596 esset
464 1531 548 1608 benc,
573 1532 607 1596 id
635 1532 696 1596 etsi
722 1532 854 1614 pulchro
882 1554 920 1597 ac
943 1532 1103 1614 sapienter

151 1616 270 1680 dictum
296 1617 436 1700 videtur,
463 1619 705 1701 profectumque
729 1619 769 1683 ab
792 1619 900 1682 animo
923 1619 1047 1682 excelso
1071 1621 1104 1681 et
1202 1626 1209 1643 ·

149 1702 343 1786 despiciente
366 1725 477 1768 omnes
500 1704 699 1788 acerbitates,
722 1727 801 1788 quas
824 1705 949 1769 homini
967 1705 1103 1768 obiicere

149 1791 279 1855 fortuna
301 1793 427 1874 posset:
451 1791 591 1876 graviter
612 1795 722 1856 tamen
744 1795 862 1856 etvere
875 1792 1103 1875 reprehensum

150 1880 200 1942 est
227 1878 267 1943 ab
295 1881 420 1943 oratore
446 1879 694 1963 prudentissimo
717 1883 750 1944 et
771 1880 969 1965 acutissime,
995 1879 1103 1964 Lysia:

151 1967 475 2052 demonstratumque,
499 1989 570 2031 eam
593 1968 787 2032 sententiam
808 1968 948 2033 hominis
973 1989 1042 2034 esse
1065 1969 1104 2032 de

86 2132 88 2138 ἲ
151 2053 217 2118 suis
248 2057 376 2118 tantum
407 2055 582 2120 commodis
615 2055 744 2120 solliciti
774 2077 878 2140 neque
909 2056 949 2120 ad
978 2057 1103 2121 civilem

151 2142 409 2207 communionem
445 2143 521 2226 apti.
574 2141 650 2208 Non
686 2143 772 2208 enim
807 2144 899 2208 valde
934 2144 1104 2226 laborabit,

151 2229 228 2315 quid
253 2230 360 2314 patria
388 2252 446 2294 sua
471 2231 541 2315 fiat,
569 2231 749 2317 quicunque
776 2252 813 2296 eo
841 2231 902 2295 erit
925 2231 1045 2314 animo,
1067 2234 1105 2294 ut

150 2319 237 2382 illius
251 2319 416 2384 caritatem
429 2319 724 2404 opportunitatibus
735 2320 801 2384 suis
810 2319 970 2384 metiatur.
993 2318 1104 2384 Solum

150 2407 269 2489 ipsum,
292 2407 344 2470 cui
364 2407 504 2490 primum
526 2407 653 2490 institit,
676 2411 709 2471 et
731 2408 854 2472 caelum
876 2407 996 2493 ipsum,
1019 2407 1103 2470 unde

150 2493 289 2577 primum
308 2494 456 2576 spiritum
470 2495 568 2579 duxit,
586 2495 700 2580 diligat
713 2498 847 2580 oportet,
866 2496 921 2580 qui
936 2518 969 2561 se
982 2496 1104 2560 bonum

152 2580 252 2645 civem
274 2581 434 2664 perhiberi
456 2582 537 2646 vult:
561 2586 618 2647 aut
645 2583 672 2647 si
694 2582 790 2668 forte,
813 2605 886 2648 oum
909 2583 985 2648 alibi
1008 2586 1104 2648 natus

152 2672 244 2753 esset,
267 2669 395 2733 civitate
418 2669 554 2734 donatus
578 2674 635 2755 est,
658 2692 730 2735 eam
751 2671 890 2736 imbibat
911 2672 1104 2756 opinionem,

151 2759 196 2840 ut,
217 2757 282 2821 nisi
304 2757 426 2822 civitati
447 2758 529 2822 bene
552 2759 602 2842 sit,
623 2779 665 2823 ne
689 2759 750 2824 sibi
769 2760 896 2843 quidem
914 2763 1005 2842 putet
991 2759 1104 2823 tbene

152 2865 221 2908 esse
244 2865 347 2927 posse
391 2845 506 2929 Itaque
529 2843 653 2928 Ulixes,
680 2850 718 2909 ut
744 2847 849 2910 estin
872 2846 1004 2930 fabulis,
1032 2867 1104 2910 cum

153 2930 238 3012 apud
253 2929 466 3014 Calypsonem
487 2933 628 3014 posset
618 2955 653 2996 m
677 2932 826 2996 omnibus
847 2933 968 2996 deliciis
989 2933 1103 3015 vivere,

151 3019 261 3080 tamen
291 3017 380 3081 illam
410 3039 556 3100 asperam
583 3021 616 3082 et
642 3019 820 3101 lapidosam
847 3019 986 3102 patriam
1014 3041 1104 3084 suam

153 3105 337 3189 anteposuit
368 3105 466 3169 etiam
496 3105 745 3170 immortalitati:
777 3127 844 3171 non
874 3107 921 3171 ita
952 3107 1105 3191 facturus,

152 3194 180 3258 si
206 3193 309 3278 illam,
338 3215 434 3278 quam
462 3192 612 3278 diximus,
638 3193 752 3258 Teucri
775 3195 968 3259 sententiam
991 3217 1104 3280 appro-

151 3282 268 3347 basset.
316 3281 479 3346 Verum
469 3303 540 3367 1psa
570 3281 680 3367 verba,
712 3283 827 3367 quibus
860 3305 930 3347 eam
962 3285 1105 3369 exagitat

151 3367 276 3454 Lysias,
298 3373 454 3454 praestat,
476 3374 514 3436 ut
536 3371 658 3456 opinor,
681 3371 846 3438 ascribere.
892 3369 975 3437 Sunt
996 3376 1102 3437 autem

225 3559 244 3628 ¹)
264 3559 305 3615 cf.
325 3559 381 3616 (tio.
400 3560 480 3617 Tusc.
499 3560 533 3616 V.
553 3565 595 3616 37.
616 3567 675 3618 108.
