2656 3910
444 219 558 275 nmen.
577 219 675 275 miv.
693 178 776 275 nov.
1047 217 1088 284 57

136 363 223 426 bono
246 383 294 446 es,
323 383 430 428 amare
454 363 611 447 desinam,
635 363 663 428 si
685 367 722 428 tu
743 365 830 428 bono
852 362 984 447 iugenio
1006 363 1090 427 male

136 449 186 513 uti
208 449 358 534 coeperis.
382 448 444 516 Sed
460 450 493 516 id
512 471 605 535 spero
627 472 695 515 non
717 451 794 535 fore,
816 455 912 536 teque
934 450 1020 516 bono
1042 450 1090 516 in·

137 537 233 622 genio
256 537 338 603 bene
360 560 493 604 usurum
515 560 585 604 esse
608 539 745 623 confido,
768 540 819 604 vel
840 541 953 623 tuapte
976 541 1091 621 sponte

137 626 189 691 vel
211 625 288 709 quie
308 625 425 692 videris
447 626 528 691 mihi
550 627 641 692 valde
664 649 772 691 amare
795 648 938 692 amorem
960 645 1037 710 erga
1058 629 1092 688 te

136 734 259 885 meppm:
282 735 378 865 Quaem
399 715 490 866 iperi
505 736 542 780 ae
560 716 843 888 conservarplrpllipe
855 713 1092 866 rationpltpeulla

162 822 230 866 os
348 823 686 885 ee,s1meamas
843 823 941 867 mae
1038 822 1092 865 ras

139 910 221 953 ama.
265 886 395 954 Nulla
385 912 421 954 m
445 889 596 956 humanis
622 853 719 956 robis
746 892 870 956 maiora
894 890 982 954 bona
1008 891 1093 954 sunt.

137 976 261 1041 Iterum
283 977 363 1058 vale
399 977 526 1043 Tibure.
548 996 618 1044 v111.
641 978 776 1043 Kalend
800 976 886 1062 Sept.
908 993 1039 1041 num.

563 1255 678 1323 XLIV.

470 1375 588 1432 EIDEM
604 1377 762 1434 RIPARIO.

206 1501 327 1588 Aeeepi
347 1506 457 1569 ternas
478 1506 552 1569 tuas
573 1505 711 1588 litteras,
734 1505 770 1568 in
791 1503 964 1588 postremis
986 1506 1093 1568 autem

141 1591 298 1675 quaedam
329 1594 422 1656 erant
456 1591 504 1655 ita
533 1592 734 1676 negligenter
766 1591 898 1674 scripta,
929 1594 967 1655 ut
1001 1591 1094 1655 facile

141 1682 312 1761 constaret,
334 1678 422 1743 aliud
435 1678 539 1762 egisse
560 1680 603 1760 te,
625 1699 698 1741 eum
715 1678 772 1742 illa
786 1677 949 1743 scriberes.
981 1676 1094 1741 Osten-

142 1766 217 1830 dam
239 1788 277 1831 ea
298 1765 372 1848 tibi,
399 1787 472 1830 eum
498 1764 582 1828 istue
607 1785 737 1848 venero,
764 1768 798 1829 et
823 1764 997 1829 auriculam
1014 1785 1094 1865 ,per-

142 1853 259 1917 vellem
281 1853 355 1936 tibi,
377 1857 415 1917 ut
435 1851 606 1936 posteain
570 1851 795 1917 inscribendo
818 1850 973 1917 attentior
995 1852 1039 1916 sis
1063 1855 1098 1917 et

144 1939 258 2004 saltem
291 1961 345 2004 eos
382 1939 587 2004 soloecismos
623 1939 771 2025 effugias,
803 1961 883 2025 quos
919 1939 1096 2027 effugerent

145 2025 243 2090 etiam
264 2026 402 2110 pueruli,
425 2024 480 2111 qui
501 2024 614 2112 primis
641 2027 756 2092 litteris
778 2026 928 2092 imbuunt
913 2031 975 2095 tur
1019 2027 1096 2092 Noli

144 2115 255 2177 tamen
286 2135 325 2178 ex
355 2113 416 2179 hae
446 2135 519 2179 mee
546 2113 763 2179 admonitione
790 2115 971 2180 molestiam
997 2116 1097 2180 ullam
1184 2187 1189 2198 ¹

145 2221 266 2284 eapere
291 2199 369 2267 Non
391 2201 478 2266 enim
499 2203 670 2287 propterea
691 2202 764 2266 volo
783 2201 958 2288 quidquam
980 2203 1019 2267 de
1040 2206 1098 2266 tua

144 2289 305 2354 hilaritate
333 2289 471 2372 deinahi,
497 2290 554 2355 sed
581 2289 622 2354 ad
653 2289 854 2375 diligentiam
881 2290 963 2356 addi.
1007 2287 1098 2355 Vale.

145 2377 432 2443 Tibure‚1x.Kel.
455 2378 583 2444 Octobr.
605 2395 736 2444 unm⁸

543 2536 701 2548 ——n—

573 2623 671 2690 XLV.

331 2749 380 2822 M.
408 2749 651 2824 ANTONIUS
678 2749 913 2825 MURETUS.

477 2866 576 2924 111110
595 2867 725 2924 nosue
745 2867 773 2922 s.

213 2990 265 3056 Ex
289 2990 427 3076 Elegiis,
453 3014 534 3078 ques
560 3014 580 3055 a
605 2996 639 3056 te
664 3013 768 3075 nuper
794 2992 914 3076 aeeepi,
941 2991 1003 3058 diei
1033 3011 1101 3057 non

146 3083 268 3164 potest,
300 3082 457 3164 quantum
488 3079 651 3186 ceperim
653 3079 843 3144 voluntatis:
873 3099 942 3145 non
972 3083 1100 3146 tantuin

148 3169 224 3254 quie
245 3190 298 3232 me
324 3168 513 3250 laudabant,
541 3167 604 3232 etsi
628 3161 816 3251 idioten*
795 3183 945 3252 ακονσμα
968 3161 986 3232 ὁ
1011 3170 1100 3232 ἔπαι-

148 3280 221 3338 νος,
250 3256 305 3321 sed
329 3256 405 3342 quia
426 3256 459 3321 id
482 3217 719 3341 elegentissime
745 3255 1031 3341 venustissimeque
1053 3257 1100 3320 fa-

7 3365 9 3374 ‘
148 3347 284 3447 oiebant
329 3343 469 3411 Omnino
500 3344 603 3409 multe
632 3343 714 3409 mihi
739 3341 893 3409 Hercules
925 3347 1035 3409 noster
1060 3344 1100 3408 de

147 3433 278 3518 ingenio
304 3435 364 3511 tuo
389 3433 490 3519 deque
516 3431 776 3516 praestantiam
801 3431 981 3516 pangendis
1003 3432 1100 3496 versi-

147 3523 209 3588 bus
231 3521 362 3587 dixerat
407 3518 469 3586 Sed
490 3523 527 3584 tu
550 3542 621 3585 eam
643 3519 837 3605 opinionem,
860 3540 957 3604 quam
979 3538 1039 3602 ego
1062 3539 1101 3582 ex
