2656 3910
270 204 310 270 78
616 203 795 260 EPISTOLA
812 205 870 260 LX.

268 353 413 436 potestas
436 351 479 434 ei,
501 349 557 434 qui
578 349 642 413 huc
665 352 806 431 venerat,
828 347 986 431 optimum
1009 369 1172 434 quemque
1200 355 1240 416 et

268 440 304 504 in
335 437 480 503 docendo
511 435 810 502 exercitatissimum
841 434 1017 520 deligendi3
1053 437 1092 500 de
1118 438 1237 504 tribus

269 525 462 592 nominatim
483 525 698 609 perscriptum
720 527 803 608 erat,
825 523 864 587 de
886 544 951 606 me,
974 524 1014 588 de
1036 522 1152 590 Garolo
1181 525 1236 590 Si-

270 614 368 698 gonio
392 611 485 676 etde
507 611 621 677 Fulvio
648 609 778 676 Ursino.
822 610 872 675 Ac
898 611 980 675 mihi
1005 633 1127 676 merces
1149 636 1235 698 pro·

269 701 377 785 posita
396 699 483 766 mille
502 699 672 786 quingenti
689 698 863 783 quotannis
882 699 971 764 aurei
985 700 1085 764 numi
1116 699 1233 766 Adde·

269 788 327 852 bat
355 809 424 871 rex,
455 788 485 853 si
506 788 605 852 sacris
637 786 759 852 initiari
790 787 918 870 vellem,
950 783 1110 871 (nondum
1138 789 1233 854 enirn

271 876 403 959 sciebat,
430 897 481 940 me
505 876 703 941 sacerdotem
725 875 818 959 1111)
841 873 1058 958 perfecturum
1080 897 1132 958 se,
1160 897 1231 960 quo

270 964 350 1028 mihi
381 964 485 1048 magis
516 964 632 1028 liberet
661 982 791 1026 manere
822 961 858 1024 in
889 960 1039 1045 Polonia,
1070 965 1108 1027 nt
1135 963 1230 1030 intra

270 1052 365 1117 breve
387 1055 515 1135 tempus
527 1050 665 1116 honesto
680 1049 788 1133 aliquo
811 1049 999 1133 sacerdotio,
1021 1071 1061 1114 ex
1079 1071 1143 1134 quo
1156 1072 1231 1117 non

270 1141 377 1204 minus
407 1140 601 1224 quingentos
631 1158 756 1202 annuos
784 1158 898 1202 aureos
922 1158 1038 1202 numos
1068 1158 1229 1225 caperem,

271 1227 506 1292 cohonestarer.
554 1226 605 1290 Ea
632 1226 671 1290 de
697 1246 732 1289 re
758 1246 843 1289 unus
870 1245 887 1288 e
914 1225 1108 1307 primoribus
1135 1227 1228 1292 illius

270 1314 373 1399 regni,
395 1313 539 1378 Joannes
562 1312 759 1397 Zamoscius,
782 1313 838 1398 qui
859 1333 947 1376 nunc
969 1334 1107 1398 magnus
1129 1317 1228 1400 regni

272 1400 489 1467 Cancellarius
512 1404 571 1481 est,
593 1401 718 1464 litteras
741 1400 783 1464 ad
805 1421 856 1464 me
878 1405 1084 1484 peramanter
1103 1422 1229 1486 perque

271 1489 447 1555 honorifice
469 1489 606 1573 scriptas
629 1487 724 1552 dedit
760 1485 948 1552 Commotus
971 1510 1043 1552 sum
1065 1511 1133 1554 non
1155 1494 1228 1555 tam

272 1577 373 1663 ipsius
394 1577 530 1661 praemii
546 1576 778 1662 magnitudine,
801 1575 862 1640 etsi
883 1575 934 1640 his
949 1576 1078 1659 quidem
1100 1581 1227 1662 tempo-

271 1666 361 1731 ribus
382 1665 547 1750 inusitata,
569 1687 667 1750 quam
693 1664 778 1728 tanti
798 1663 885 1747 regis
912 1667 980 1727 tam
1002 1685 1164 1748 propensa
1186 1688 1227 1730 ac

271 1753 416 1818 benefica
447 1774 524 1838 erga
553 1753 702 1818 homines
736 1751 917 1816 litterarum
952 1751 1067 1816 studiis
1098 1753 1225 1820 deditos

272 1842 447 1906 voluntate.
486 1839 599 1924 Neque
622 1862 673 1904 me
695 1839 919 1904 commovebat
940 1839 1066 1904 itineris
1088 1841 1225 1906 difficul-

271 1933 336 1992 tas:
360 1929 416 2012 qui
438 1929 638 2011 exploratum
650 1927 811 2009 haberem,
834 1947 907 1990 cum
924 1927 1047 2011 lection,
1069 1950 1225 1994 unacum

272 2015 372 2081 filiolo
394 2015 504 2080 fratris
526 2016 598 2100 mei,
618 2037 719 2100 puero
742 2037 797 2080 sex
811 2036 915 2079 annos
937 2018 1026 2099 nato,
1048 2037 1143 2100 quem
1158 2039 1225 2081 me·

273 2125 346 2168 cum
368 2103 444 2168 illuc
458 2104 571 2169 ducere
594 2104 786 2190 cogitabam,
808 2102 850 2167 ad
871 2102 985 2166 fanum
998 2101 1224 2188 Lauretannm,

273 2188 325 2276 (eo
353 2193 439 2257 enim
464 2193 630 2277 religionis
658 2213 695 2256 ac
726 2190 856 2275 pietatis
888 2212 1002 2255 caussa
1028 2192 1090 2257 iter
1117 2192 1224 2258 facere

273 2279 496 2364 decreveram)
515 2281 659 2364 gestatus
677 2299 792 2362 essem,
815 2300 910 2362 posse
932 2299 984 2343 me
1006 2279 1085 2345 cisio
1108 2277 1224 2346 01110-

272 2369 358 2432 viam
381 2388 481 2451 usque
504 2366 759 2432 commodissime
786 2366 869 2431 vehi
913 2365 958 2429 Et
980 2367 1046 2430 iam
1068 2388 1223 2433 convene-

273 2458 338 2537 rat,
369 2457 407 2518 ut
436 2453 517 2517 mihi
547 2453 632 2538 regis
662 2454 793 2519 nomine
826 2453 867 2518 ad
897 2453 960 2518 iter
990 2454 1223 2521 conficiendum

273 2542 427 2605 (1111111111
454 2542 591 2606 trecenti
614 2543 704 2606 aurei
728 2542 828 2625 numi,
857 2542 898 2605 ad
919 2562 1000 2624 quos
1023 2563 1083 2628 ego
1106 2543 1222 2608 ducen-

273 2634 324 2693 tos
348 2629 387 2692 de
409 2650 481 2694 meo
503 2632 668 2712 praeterea
685 2630 801 2694 addere
824 2630 1016 2714 cogitabam.
1051 2631 1122 2696 Iam
1143 2632 1223 2697 mihi

273 2717 353 2780 illud
380 2717 559 2782 sanctitatis
586 2720 619 2780 et
646 2717 810 2782 doctrinae
838 2718 1011 2801 specimen,
1034 2717 1222 2804 Stanislaus,

274 2802 453 2869 Cardinalis
480 2803 693 2888 Vermiensis,
724 2805 898 2890 gratuitam
926 2806 1161 2872 habitationem
1188 2809 1223 2873 in

273 2893 404 2977 palatio,
426 2893 513 2978 quod
535 2890 706 2958 Oracoviae
728 2893 827 2958 habet
848 2894 1091 2978 amplissimum,
1113 2895 1222 2959 offere·

273 2982 339 3046 bat
373 2981 496 3048 Multae
519 3003 538 3046 1
560 2982 692 3048 summis
705 2981 783 3047 viris
805 2981 931 3046 litterae
945 2983 1222 3048 commendatitiae

273 3071 308 3134 in
331 3069 536 3136 Germaniam
558 3073 591 3134 et
612 3071 647 3135 in
660 3070 829 3136 Poloniam
850 3069 1027 3152 promissae
1050 3075 1156 3136 erant:
1177 3075 1222 3155 ut,

275 3177 347 3220 cum
375 3179 412 3223 eo
435 3158 606 3240 venissem,
631 3179 799 3242 nunquam
820 3157 886 3221 fere
913 3156 948 3220 in
970 3157 1145 3224 diversoria
1165 3179 1222 3242 pu·

274 3243 360 3308 blica
372 3244 499 3328 ingredi
511 3265 639 3308 necesse
653 3245 815 3310 haberem.
848 3243 962 3329 Neque
977 3246 1111 3311 verebar
1125 3247 1222 3331 illam,

276 3352 358 3415 quae
389 3331 424 3394 in
455 3329 592 3395 Polonia
620 3351 689 3396 esse
721 3332 849 3416 dicitnr,
879 3332 1118 3398 inclementiam
1144 3335 1222 3399 caeli

275 3418 544 3502 asperitatemque
557 3417 695 3504 frigoris.
723 3416 869 3484 Sciebam
882 3420 939 3484 illa
952 3422 1061 3485 omnia
1074 3443 1108 3485 re
1122 3423 1221 3487 multo

276 3507 403 3570 minora
425 3526 494 3570 esse
517 3527 613 3589 quam
635 3507 736 3590 fema;
765 3511 798 3571 et
820 3507 940 3591 alioqui
963 3530 1033 3572 sum
1054 3509 1124 3592 ipse
1147 3531 1220 3594 quo·
