2658 3914
202 147 265 210 150
574 147 658 202 via.
677 133 790 202 anou'
890 125 893 134 '

200 293 277 354 sunt
298 289 556 373 Lacedaemonii,
579 312 652 354 eum
675 291 717 354 ad
738 289 976 374 Philippumt
949 291 997 355 ita
1023 292 1163 374 seripse-

199 382 287 442 runt:
261 379 555 443 tLaeeduemoaii
590 378 747 528 Ptlulippo.
801 378 975 462 Dionysius
1005 376 1114 444 Ooriret
1114 379 1162 444 lai.

199 465 269 530 Mul
257 468 304 530 lto
337 466 423 529 enim
454 465 528 529 fort'
505 468 569 530 tior
600 470 645 549 et,
676 464 881 532 utLuoretii
911 467 1009 531 verbo
1041 465 1162 552 utar¹),

200 554 395 637 penetralior
416 553 473 616 illa
495 553 600 617 brevit
586 557 636 617 tas
636 469 725 637 fuid,
748 575 845 638 quam
869 553 897 618 si
916 555 963 619 ita
986 554 1161 620 dixissent:

200 641 375 724 Dionysius
390 662 463 704 eum
477 641 649 724 aliquando
667 644 860 726 praepotens
879 645 1036 726 tyrannus
1050 642 1162 728 fuerit,

199 729 247 792 uti
269 732 306 792 tu
329 751 376 811 es,
404 750 491 792 nuno
512 733 623 793 tamen
649 749 750 813 regno
775 732 888 794 exutus
910 731 1071 813 privatam
1094 729 1160 796 00-

199 817 300 880 rinthi
328 817 427 881 vitam
455 817 532 901 agit.
585 817 681 900 Vide,
708 839 762 901 ne,
795 818 871 882 dum
897 818 1033 882 aliorum
1061 819 1159 882 liber-

199 909 300 968 tatem
315 905 423 969 studes
443 906 635 988 opprimere,
658 905 743 969 idem
763 905 824 970 tibi
838 926 964 990 quoque
978 907 1159 990 contingat.

201 991 288 1068 Quae
311 993 376 1056 iam
398 1014 465 1058 non
489 994 659 1077 deterrere,
683 993 738 1057 sed
761 994 933 1058 admonere
957 994 1158 1078 cupientium

200 1081 314 1146 fuisset
342 1081 453 1146 oratio.
502 1080 614 1167 Neque
643 1081 795 1145 dissimile
824 1082 904 1145 illud
931 1080 1086 1146 Demetrii
1114 1082 1158 1146 ad

200 1167 421 1252 Locrenses2l:
449 1170 553 1245 Faue,
581 1171 701 1234 cicadae
727 1169 812 1250 apud
835 1191 888 1234 eos
915 1168 1004 1234 eamr
1025 1176 1157 1234 eareat:

201 1278 273 1320 oum
296 1257 507 1339 significaret,
535 1260 638 1320 totam
662 1281 681 1320 a
704 1278 736 1320 se
763 1257 892 1322 illorum
913 1258 1079 1342 regionem
1102 1258 1156 1321 de-

201 1346 363 1407 vastatum
384 1344 434 1406 iri.
479 1343 579 1407 Ateus
603 1366 741 1427 quoque,
765 1342 957 1428 Scytharum
979 1368 1048 1430 rex,
1070 1347 1156 1410 hano

200 1432 278 1496 olim
301 1431 471 1514 epistolam
494 1431 534 1495 ad
548 1431 673 1514 Byzant
659 1433 746 1496 tinos
764 1432 889 1496 misisse
912 1433 1027 1498 fertur:
1051 1433 1165 1498 Nolite

199 1541 249 1584 aee
250 1519 393 1601 tuellas
419 1521 495 1584 meis
521 1521 569 1583 dei
558 1521 698 1584 trimetria
727 1540 802 1599 esse,
829 1541 868 1584 ne
893 1541 987 1602 equae
1008 1542 1091 1586 meae
1112 1522 1155 1586 ud

200 1629 252 1672 vos
279 1613 427 1689 epitetum
454 1613 533 1672 euni.
514 1605 776 1672 ildanthuras
804 1612 860 1672 aut
861 1631 925 1692 em,
953 1611 1008 1693 qui
1031 1609 1094 1673 et
1085 1631 1154 1693 ipse

202 1694 328 1780 Scythis
352 1697 441 1780 regio
464 1696 598 1779 imperio
621 1697 773 1797 praefuit,
746 1698 898 1761 ttmulo
922 1697 1019 1761 etiam
1043 1697 1153 1761 obseu-

201 1785 277 1848 rius.
321 1782 407 1848 Nam
435 1784 475 1848 ad
498 1782 645 1867 Darium,
674 1784 729 1868 qui
750 1783 871 1849 Istrum
898 1785 1080 1868 traiecerat,
1102 1785 1153 1848 lit·

200 1877 286 1936 teras
309 1873 450 1956 quidem,
474 1872 590 1956 quibus
604 1872 634 1934 ei
647 1872 832 1954 minaretur,
854 1872 943 1936 misit
960 1874 1075 1956 nullas,
1098 1871 1154 1938 sed

200 1983 259 2043 pro
286 1959 402 2023 litteris
431 1960 610 2043 symbolum
636 1959 712 2024 hoc:
742 1981 872 2038 marem,
903 1981 1029 2040 renam,
1059 1981 1154 2040 auem,

200 2050 356 2130 sapidum,
386 2053 536 2112 aratrum.
587 2045 729 2131 Cumque
756 2047 837 2112 haee
862 2049 897 2111 in
919 2048 1011 2113 Darii
1041 2049 1155 2112 eastris

202 2135 284 2200 alius
312 2136 404 2200 aliter
430 2137 707 2219 interpretaretur,
738 2134 977 2221 Orontopagas,
1005 2137 1154 2200 tribunus

202 2225 353 2308 militum,
377 2225 502 2288 censuit
524 2225 708 2308 significari,
732 2245 787 2288 eos
810 2225 955 2288 omnium
972 2246 1079 2288 rerum
1102 2225 1155 2288 de-

202 2313 358 2377 ditionem
385 2333 453 2376 esse
480 2312 636 2376 facturos:
664 2312 846 2375 domorum:
873 2312 935 2376 hoe
957 2334 1080 2376 murem
1106 2313 1155 2375 in-

201 2397 344 2485 nuere³)';
371 2421 539 2484 aquarum,
558 2399 652 2476 a'e'ris,
672 2421 846 2483 armorum,
864 2400 1021 2485 regionis:
1040 2401 1155 2464 harum

202 2510 308 2552 rerum
337 2488 483 2571 symbola
512 2507 581 2550 esse
608 2508 735 2570 ranam,
762 2508 867 2571 avem,
891 2489 1055 2573 sagittam,
1086 2510 1155 2551 ara-

201 2587 297 2640 trum.
342 2576 388 2638 At
400 2573 583 2657 Xiphodres
605 2574 701 2659 longe
725 2575 789 2640 alio
802 2576 899 2640 modo
917 2577 1155 2660 interpretatus,

202 2662 271 2727 Nos
294 2685 383 2740 vero,
406 2663 525 2747 inquit,
549 2668 706 2747 quantum
719 2663 800 2727 haee
814 2665 959 2747 symbola
973 2665 1155 2747 ostendunt,

201 2751 266 2815 nisi
288 2754 345 2814 aut
366 2754 485 2815 terram
508 2751 678 2815 subeamus
700 2754 737 2815 ut
759 2774 878 2835 mures,
903 2755 960 2815 aut
983 2774 1098 2835 aquam
1119 2755 1156 2814 ut

202 2861 308 2925 ranae,
323 2842 379 2903 aut
393 2841 563 2924 evolemus
577 2842 614 2904 ut
627 2862 714 2904 aves:
729 2860 797 2904 non
811 2839 998 2923 effugiemus
1012 2841 1155 2923 ipsorum

276 3034 296 3102 ¹)
314 3034 348 3087 11
368 3040 429 3088 aar
498 3053 503 3063 ·

276 3103 348 3170 ²)t
317 3105 348 3158 S
349 3104 472 3158 esiehoio
490 3103 544 3158 hoo
562 3103 669 3158 dietum
687 3104 788 3158 tribuit
805 3104 971 3160 Aristoteles
989 3104 1102 3157 Rhetor.
1121 3102 1147 3155 ΙΙ

204 3181 247 3227 21.
265 3174 313 3226 ΠΙ
334 3181 375 3226 11.
396 3175 567 3258 Στησίχορος
590 3170 622 3228 ἐν
644 3180 762 3243 Λοκροῖς
786 3169 917 3244 εἷπεν,”
900 3193 944 3227 οτι
963 3168 996 3228 οὗ
1016 3175 1065 3227 δεῖ
1079 3167 1152 3254 ὑβρι-

204 3241 270 3304 στὰς
290 3237 411 3310 εἷναι,”
394 3262 469 3304 οπως
488 3239 525 3310 μὴ
544 3240 620 3296 ol'
589 3263 711 3325 τεττιγες
729 3241 887 3314 χαμόθεν
869 3217 990 3298 ἄὸωσιν.
1014 3242 1155 3312 Dionysio,

205 3311 316 3366 Siciliae
334 3313 462 3380 tyranno,
485 3313 643 3367 Demetrius
665 3313 730 3378 περὶ
753 3313 847 3380 ioppe.
870 3299 893 3378 ξ’.
914 3320 956 3368 99.
992 3314 1033 3367 Ae
1056 3313 1155 3379 neseio,

204 3398 242 3435 an
258 3382 383 3435 Muretus
401 3381 534 3449 Dionysii
551 3398 601 3451 pro
619 3383 753 3436 Demetrii
770 3383 889 3437 scribere
906 3383 1035 3437 voluerit.
1077 3382 1110 3436 D
1124 3382 1150 3434 R

277 3467 329 3537 Β)”
316 3483 404 3521 annuo
421 3484 472 3536 pro
490 3468 614 3536 significo
632 3467 782 3520 barbarum
796 3469 845 3522 est.
864 3467 898 3524 D.
912 3467 945 3522 R.
