<?xml version="1.0" encoding="UTF-8"?>
<!DOCTYPE html PUBLIC "-//W3C//DTD XHTML 1.0 Transitional//EN"
    "http://www.w3.org/TR/xhtml1/DTD/xhtml1-transitional.dtd">
<html xmlns="http://www.w3.org/1999/xhtml" xml:lang="en" lang="en">
 <head>
  <title>
</title>
<meta http-equiv="Content-Type" content="text/html;charset=utf-8" />
  <meta name='ocr-system' content='tesseract 3.04.00' />
  <meta name='ocr-capabilities' content='ocr_page ocr_carea ocr_par ocr_line ocrx_word'/>
</head>
<body>
  <div class='ocr_page' id='page_1' title='image "./scriptaselecta01muregoog_0128.png"; bbox 0 0 2658 3914; ppageno 0'>
   <div class='ocr_carea' id='block_1_1' title="bbox 558 179 1111 244">
    <p class='ocr_par' dir='ltr' id='par_1_1' title="bbox 558 179 1111 244">
     <span class='ocr_line' id='line_1_1' title="bbox 558 179 1111 244; baseline -0.005 -6"><span class='ocrx_word' id='word_1_1' title='bbox 558 181 676 238; x_wconf 84' lang='lat' dir='ltr'>CAPUT</span> <span class='ocrx_word' id='word_1_2' title='bbox 694 181 728 236; x_wconf 83' lang='lat' dir='ltr'>ll.</span> <span class='ocrx_word' id='word_1_3' title='bbox 1049 179 1111 244; x_wconf 79' lang='grc'>121</span> 
     </span>
    </p>
   </div>
   <div class='ocr_carea' id='block_1_2' title="bbox 533 427 743 496">
    <p class='ocr_par' dir='ltr' id='par_1_2' title="bbox 533 427 743 496">
     <span class='ocr_line' id='line_1_2' title="bbox 533 427 743 496; baseline 0 -1"><span class='ocrx_word' id='word_1_4' title='bbox 533 427 678 496; x_wconf 86' lang='lat' dir='ltr'>CAPUT</span> <span class='ocrx_word' id='word_1_5' title='bbox 696 427 743 495; x_wconf 88' lang='grc' dir='ltr'>Π.</span> 
     </span>
    </p>
   </div>
   <div class='ocr_carea' id='block_1_3' title="bbox 162 565 1113 712">
    <p class='ocr_par' dir='ltr' id='par_1_3' title="bbox 162 565 1113 712">
     <span class='ocr_line' id='line_1_3' title="bbox 162 565 1113 634; baseline -0.002 -10"><span class='ocrx_word' id='word_1_6' title='bbox 162 565 351 624; x_wconf 81' lang='lat' dir='ltr'>CICERONIS</span> <span class='ocrx_word' id='word_1_7' title='bbox 374 566 491 624; x_wconf 80' lang='lat' dir='ltr'>Locus</span> <span class='ocrx_word' id='word_1_8' title='bbox 514 567 564 622; x_wconf 85' lang='lat' dir='ltr'>llX</span> <span class='ocrx_word' id='word_1_9' title='bbox 588 566 775 624; x_wconf 83' lang='lat' dir='ltr'>ORATIONE</span> <span class='ocrx_word' id='word_1_10' title='bbox 798 567 869 623; x_wconf 86' lang='lat' dir='ltr'>PRO</span> <span class='ocrx_word' id='word_1_11' title='bbox 888 567 918 624; x_wconf 89' lang='lat' dir='ltr'>P.</span> <span class='ocrx_word' id='word_1_12' title='bbox 938 565 1113 634; x_wconf 86' lang='lat' dir='ltr'>QUINCTIO</span> 
     </span>
     <span class='ocr_line' id='line_1_4' title="bbox 251 654 1030 712; baseline 0.001 -2"><span class='ocrx_word' id='word_1_13' title='bbox 251 655 419 711; x_wconf 81' lang='lat' dir='ltr'>PULCHRE</span> <span class='ocrx_word' id='word_1_14' title='bbox 437 657 463 711; x_wconf 80' lang='lat' dir='ltr'>A</span> <span class='ocrx_word' id='word_1_15' title='bbox 480 655 600 712; x_wconf 80' lang='lat' dir='ltr'>PAULO</span> <span class='ocrx_word' id='word_1_16' title='bbox 619 654 787 711; x_wconf 82' lang='lat' dir='ltr'>MANU&#39;I&#39;IO</span> <span class='ocrx_word' id='word_1_17' title='bbox 807 654 1030 711; x_wconf 79' lang='lat' dir='ltr'>CORRECTUS.</span> 
     </span>
    </p>
   </div>
   <div class='ocr_carea' id='block_1_4' title="bbox 161 779 1116 1305">
    <p class='ocr_par' dir='ltr' id='par_1_4' title="bbox 161 779 1116 1305">
     <span class='ocr_line' id='line_1_5' title="bbox 230 779 1115 863; baseline 0.002 -18"><span class='ocrx_word' id='word_1_18' title='bbox 230 779 318 861; x_wconf 74' lang='lat' dir='ltr'>Qrtod</span> <span class='ocrx_word' id='word_1_19' title='bbox 355 783 384 847; x_wconf 81' lang='lat' dir='ltr'>si</span> <span class='ocrx_word' id='word_1_20' title='bbox 421 781 523 862; x_wconf 81' lang='lat' dir='ltr'>facere</span> <span class='ocrx_word' id='word_1_21' title='bbox 560 782 651 860; x_wconf 78' lang='lat' dir='ltr'>nolit,</span> <span class='ocrx_word' id='word_1_22' title='bbox 698 785 788 863; x_wconf 76' lang='lat' dir='ltr'>atque</span> <span class='ocrx_word' id='word_1_23' title='bbox 832 781 997 846; x_wconf 66' lang='lat' dir='ltr'>calderari</span> <span class='ocrx_word' id='word_1_24' title='bbox 1036 782 1115 847; x_wconf 80' lang='lat' dir='ltr'>cios-</span> 
     </span>
     <span class='ocr_line' id='line_1_6' title="bbox 161 869 1115 951; baseline -0.001 -17"><span class='ocrx_word' id='word_1_25' title='bbox 161 871 246 934; x_wconf 78' lang='lat' dir='ltr'>mode’</span> <span class='ocrx_word' id='word_1_26' title='bbox 284 869 456 935; x_wconf 77' lang='lat' dir='ltr'>rationibus</span> <span class='ocrx_word' id='word_1_27' title='bbox 496 870 586 935; x_wconf 79' lang='grc'>111199</span> <span class='ocrx_word' id='word_1_28' title='bbox 621 870 776 934; x_wconf 70' lang='grc'>9119999</span> <span class='ocrx_word' id='word_1_29' title='bbox 820 870 1004 935; x_wconf 77' lang='lat' dir='ltr'>conditiones</span> <span class='ocrx_word' id='word_1_30' title='bbox 1042 889 1115 951; x_wconf 81' lang='lat' dir='ltr'>pcr-</span> 
     </span>
     <span class='ocr_line' id='line_1_7' title="bbox 161 957 1115 1040; baseline -0.002 -18"><span class='ocrx_word' id='word_1_31' title='bbox 161 959 282 1022; x_wconf 81' lang='lat' dir='ltr'>ducere:</span> <span class='ocrx_word' id='word_1_32' title='bbox 313 977 376 1022; x_wconf 86' lang='lat' dir='ltr'>sese</span> <span class='ocrx_word' id='word_1_33' title='bbox 405 957 487 1022; x_wconf 78' lang='grc'>911111</span> <span class='ocrx_word' id='word_1_34' title='bbox 509 958 647 1040; x_wconf 63' lang='lat' dir='ltr'>precam,</span> <span class='ocrx_word' id='word_1_35' title='bbox 678 961 718 1035; x_wconf 85' lang='grc'>91,</span> <span class='ocrx_word' id='word_1_36' title='bbox 749 958 885 1039; x_wconf 78' lang='lat' dir='ltr'>siquid</span> <span class='ocrx_word' id='word_1_37' title='bbox 913 977 1002 1039; x_wconf 73' lang='lat' dir='ltr'>opere</span> <span class='ocrx_word' id='word_1_38' title='bbox 1031 957 1115 1035; x_wconf 80' lang='lat' dir='ltr'>velit,</span> 
     </span>
     <span class='ocr_line' id='line_1_8' title="bbox 162 1042 1116 1129; baseline -0.002 -19"><span class='ocrx_word' id='word_1_39' title='bbox 162 1046 276 1111; x_wconf 79' lang='lat' dir='ltr'>iodiec&#39;o</span> <span class='ocrx_word' id='word_1_40' title='bbox 311 1045 475 1126; x_wconf 76' lang='lat' dir='ltr'><em>defendere.</em></span> <span class='ocrx_word' id='word_1_41' title='bbox 538 1045 590 1108; x_wconf 85' lang='lat' dir='ltr'>lta</span> <span class='ocrx_word' id='word_1_42' title='bbox 625 1046 778 1129; x_wconf 82' lang='lat' dir='ltr'>leguntur</span> <span class='ocrx_word' id='word_1_43' title='bbox 814 1042 977 1110; x_wconf 78' lang='lat' dir='ltr'>Ciceronis</span> <span class='ocrx_word' id='word_1_44' title='bbox 1016 1045 1116 1109; x_wconf 79' lang='lat' dir='ltr'>rerba</span> 
     </span>
     <span class='ocr_line' id='line_1_9' title="bbox 162 1130 1115 1218; baseline 0 -20"><span class='ocrx_word' id='word_1_45' title='bbox 162 1133 242 1198; x_wconf 87' lang='lat' dir='ltr'>haec</span> <span class='ocrx_word' id='word_1_46' title='bbox 271 1153 311 1196; x_wconf 85' lang='lat' dir='ltr'>ex</span> <span class='ocrx_word' id='word_1_47' title='bbox 343 1133 489 1198; x_wconf 86' lang='lat' dir='ltr'>oratione</span> <span class='ocrx_word' id='word_1_48' title='bbox 521 1153 580 1217; x_wconf 88' lang='lat' dir='ltr'>pro</span> <span class='ocrx_word' id='word_1_49' title='bbox 607 1130 642 1197; x_wconf 90' lang='lat' dir='ltr'>P.</span> <span class='ocrx_word' id='word_1_50' title='bbox 671 1131 820 1208; x_wconf 80' lang='lat' dir='ltr'>Quinctio</span> <span class='ocrx_word' id='word_1_51' title='bbox 836 1131 861 1218; x_wconf 89' lang='lat' dir='ltr'>l)</span> <span class='ocrx_word' id='word_1_52' title='bbox 893 1133 929 1196; x_wconf 91' lang='lat' dir='ltr'>in</span> <span class='ocrx_word' id='word_1_53' title='bbox 965 1133 1115 1198; x_wconf 87' lang='lat' dir='ltr'>omnibus</span> 
     </span>
     <span class='ocr_line' id='line_1_10' title="bbox 163 1219 1115 1305; baseline 0 -19"><span class='ocrx_word' id='word_1_54' title='bbox 163 1221 326 1305; x_wconf 78' lang='lat' dir='ltr'>impressis</span> <span class='ocrx_word' id='word_1_55' title='bbox 353 1221 444 1287; x_wconf 81' lang='lat' dir='ltr'>libris</span> <span class='ocrx_word' id='word_1_56' title='bbox 470 1224 696 1305; x_wconf 80' lang='lat' dir='ltr'>praeterquam</span> <span class='ocrx_word' id='word_1_57' title='bbox 718 1221 753 1284; x_wconf 89' lang='lat' dir='ltr'>in</span> <span class='ocrx_word' id='word_1_58' title='bbox 775 1219 982 1285; x_wconf 86' lang='lat' dir='ltr'>Manutianis.</span> <span class='ocrx_word' id='word_1_59' title='bbox 1028 1219 1115 1297; x_wconf 82' lang='lat' dir='ltr'>Quae</span> 
     </span>
    </p>
   </div>
   <div class='ocr_carea' id='block_1_5' title="bbox 163 1309 1215 1394">
    <p class='ocr_par' dir='ltr' id='par_1_5' title="bbox 163 1309 1215 1394">
     <span class='ocr_line' id='line_1_11' title="bbox 163 1309 1215 1394; baseline 0 -20"><span class='ocrx_word' id='word_1_60' title='bbox 163 1332 236 1374; x_wconf 89' lang='lat' dir='ltr'>oum</span> <span class='ocrx_word' id='word_1_61' title='bbox 263 1312 415 1392; x_wconf 87' lang='lat' dir='ltr'>corrupta</span> <span class='ocrx_word' id='word_1_62' title='bbox 437 1330 506 1373; x_wconf 88' lang='lat' dir='ltr'>esse</span> <span class='ocrx_word' id='word_1_63' title='bbox 535 1312 707 1392; x_wconf 85' lang='lat' dir='ltr'>constaret,</span> <span class='ocrx_word' id='word_1_64' title='bbox 735 1309 875 1393; x_wconf 84' lang='lat' dir='ltr'>fuerunt,</span> <span class='ocrx_word' id='word_1_65' title='bbox 903 1309 958 1394; x_wconf 93' lang='lat' dir='ltr'>qui</span> <span class='ocrx_word' id='word_1_66' title='bbox 985 1331 1044 1392; x_wconf 93' lang='lat' dir='ltr'>pro</span> <span class='ocrx_word' id='word_1_67' title='bbox 1066 1312 1116 1374; x_wconf 80' lang='lat' dir='ltr'>in·</span> <span class='ocrx_word' id='word_1_68' title='bbox 1211 1361 1215 1365; x_wconf 87' lang='grc'>.</span> 
     </span>
    </p>
   </div>
   <div class='ocr_carea' id='block_1_6' title="bbox 162 1396 1178 3411">
    <p class='ocr_par' dir='ltr' id='par_1_6' title="bbox 162 1396 1178 1831">
     <span class='ocr_line' id='line_1_12' title="bbox 162 1396 1117 1481; baseline -0.001 -20"><span class='ocrx_word' id='word_1_69' title='bbox 162 1397 296 1462; x_wconf 75' lang='lat' dir='ltr'>babuerit</span> <span class='ocrx_word' id='word_1_70' title='bbox 328 1399 523 1481; x_wconf 77' lang='lat' dir='ltr'>reponerent</span> <span class='ocrx_word' id='word_1_71' title='bbox 556 1399 732 1462; x_wconf 77' lang='lat' dir='ltr'>instituerit.</span> <span class='ocrx_word' id='word_1_72' title='bbox 786 1396 832 1462; x_wconf 84' lang='lat' dir='ltr'>At</span> <span class='ocrx_word' id='word_1_73' title='bbox 866 1398 1043 1480; x_wconf 87' lang='lat' dir='ltr'>praeclare,</span> <span class='ocrx_word' id='word_1_74' title='bbox 1079 1401 1117 1461; x_wconf 91' lang='grc'>91</span> 
     </span>
     <span class='ocr_line' id='line_1_13' title="bbox 164 1482 1116 1569; baseline 0 -20"><span class='ocrx_word' id='word_1_75' title='bbox 164 1485 254 1568; x_wconf 83' lang='grc'>99191,</span> <span class='ocrx_word' id='word_1_76' title='bbox 276 1482 454 1549; x_wconf 77' lang='lat' dir='ltr'>Manutius:</span> <span class='ocrx_word' id='word_1_77' title='bbox 478 1485 517 1549; x_wconf 89' lang='lat' dir='ltr'>de</span> <span class='ocrx_word' id='word_1_78' title='bbox 540 1506 604 1568; x_wconf 90' lang='lat' dir='ltr'>quo</span> <span class='ocrx_word' id='word_1_79' title='bbox 616 1485 685 1549; x_wconf 83' lang='lat' dir='ltr'>viro</span> <span class='ocrx_word' id='word_1_80' title='bbox 700 1486 814 1549; x_wconf 86' lang='lat' dir='ltr'>merito</span> <span class='ocrx_word' id='word_1_81' title='bbox 838 1485 978 1549; x_wconf 88' lang='lat' dir='ltr'>dubitari</span> <span class='ocrx_word' id='word_1_82' title='bbox 999 1488 1116 1569; x_wconf 91' lang='lat' dir='ltr'>potest,</span> 
     </span>
     <span class='ocr_line' id='line_1_14' title="bbox 164 1570 1116 1657; baseline 0 -21"><span class='ocrx_word' id='word_1_83' title='bbox 164 1573 277 1656; x_wconf 92' lang='lat' dir='ltr'>plusne</span> <span class='ocrx_word' id='word_1_84' title='bbox 299 1573 369 1657; x_wconf 88' lang='lat' dir='ltr'>ipse</span> <span class='ocrx_word' id='word_1_85' title='bbox 391 1571 546 1656; x_wconf 86' lang='lat' dir='ltr'>Ciceroni,</span> <span class='ocrx_word' id='word_1_86' title='bbox 574 1594 616 1636; x_wconf 90' lang='lat' dir='ltr'>an</span> <span class='ocrx_word' id='word_1_87' title='bbox 638 1573 701 1656; x_wconf 91' lang='lat' dir='ltr'>ipsi</span> <span class='ocrx_word' id='word_1_88' title='bbox 724 1571 835 1638; x_wconf 89' lang='lat' dir='ltr'>Cicero</span> <span class='ocrx_word' id='word_1_89' title='bbox 862 1572 985 1636; x_wconf 89' lang='lat' dir='ltr'>debeat.</span> <span class='ocrx_word' id='word_1_90' title='bbox 1030 1570 1116 1636; x_wconf 88' lang='lat' dir='ltr'>Nam</span> 
     </span>
     <span class='ocr_line' id='line_1_15' title="bbox 165 1657 1178 1745; baseline -0.003 -20"><span class='ocrx_word' id='word_1_91' title='bbox 165 1663 198 1725; x_wconf 89' lang='grc'>91</span> <span class='ocrx_word' id='word_1_92' title='bbox 230 1662 300 1745; x_wconf 90' lang='lat' dir='ltr'>ipse</span> <span class='ocrx_word' id='word_1_93' title='bbox 334 1660 511 1725; x_wconf 70' lang='lat' dir='ltr'>mactandis</span> <span class='ocrx_word' id='word_1_94' title='bbox 539 1661 665 1723; x_wconf 79' lang='lat' dir='ltr'>assidue</span> <span class='ocrx_word' id='word_1_95' title='bbox 694 1657 857 1724; x_wconf 88' lang='lat' dir='ltr'>O1ccron1s</span> <span class='ocrx_word' id='word_1_96' title='bbox 887 1662 1015 1741; x_wconf 85' lang='lat' dir='ltr'>scupt1s</span> <span class='ocrx_word' id='word_1_97' title='bbox 1045 1681 1116 1723; x_wconf 89' lang='lat' dir='ltr'>eam</span> <span class='ocrx_word' id='word_1_98' title='bbox 1175 1659 1178 1664; x_wconf 81' lang='grc'>’</span> 
     </span>
     <span class='ocr_line' id='line_1_16' title="bbox 165 1747 1115 1831; baseline -0.003 -18"><span class='ocrx_word' id='word_1_99' title='bbox 165 1751 329 1813; x_wconf 87' lang='lat' dir='ltr'>assecutus</span> <span class='ocrx_word' id='word_1_100' title='bbox 353 1751 402 1812; x_wconf 88' lang='grc'>991</span> <span class='ocrx_word' id='word_1_101' title='bbox 416 1747 616 1831; x_wconf 82' lang='lat' dir='ltr'>eloquentiae</span> <span class='ocrx_word' id='word_1_102' title='bbox 630 1747 765 1830; x_wconf 90' lang='lat' dir='ltr'>laudem,</span> <span class='ocrx_word' id='word_1_103' title='bbox 789 1768 853 1831; x_wconf 87' lang='lat' dir='ltr'>qua</span> <span class='ocrx_word' id='word_1_104' title='bbox 866 1747 967 1811; x_wconf 85' lang='lat' dir='ltr'>vincit</span> <span class='ocrx_word' id='word_1_105' title='bbox 989 1767 1115 1811; x_wconf 90' lang='lat' dir='ltr'>omnes:</span> 
     </span>
    </p>

    <p class='ocr_par' dir='ltr' id='par_1_7' title="bbox 164 1833 1119 3411">
     <span class='ocr_line' id='line_1_17' title="bbox 164 1833 1116 1920; baseline -0.003 -18.813"><span class='ocrx_word' id='word_1_106' title='bbox 164 1839 292 1901; x_wconf 90' lang='lat' dir='ltr'>etcum</span> <span class='ocrx_word' id='word_1_107' title='bbox 315 1836 394 1900; x_wconf 86' lang='lat' dir='ltr'>od</span> <span class='ocrx_word' id='word_1_108' title='bbox 384 1835 559 1920; x_wconf 81' lang='lat' dir='ltr'>mgenium,</span> <span class='ocrx_word' id='word_1_109' title='bbox 586 1857 650 1920; x_wconf 91' lang='lat' dir='ltr'>quo</span> <span class='ocrx_word' id='word_1_110' title='bbox 682 1835 816 1918; x_wconf 85' lang='lat' dir='ltr'>excellit,</span> <span class='ocrx_word' id='word_1_111' title='bbox 848 1833 1023 1900; x_wconf 82' lang='lat' dir='ltr'>addidisset</span> <span class='ocrx_word' id='word_1_112' title='bbox 1008 1837 1116 1899; x_wconf 89' lang='lat' dir='ltr'>team</span> 
     </span>
     <span class='ocr_line' id='line_1_18' title="bbox 165 1923 1117 2010; baseline -0.001 -22"><span class='ocrx_word' id='word_1_113' title='bbox 165 1923 365 2010; x_wconf 82' lang='lat' dir='ltr'>diligentiam</span> <span class='ocrx_word' id='word_1_114' title='bbox 387 1945 521 2007; x_wconf 84' lang='lat' dir='ltr'>eamque</span> <span class='ocrx_word' id='word_1_115' title='bbox 546 1923 694 1987; x_wconf 88' lang='lat' dir='ltr'>laborum</span> <span class='ocrx_word' id='word_1_116' title='bbox 716 1923 954 2006; x_wconf 82' lang='lat' dir='ltr'>perpessionem</span> <span class='ocrx_word' id='word_1_117' title='bbox 977 1944 1015 1986; x_wconf 89' lang='lat' dir='ltr'>ac</span> <span class='ocrx_word' id='word_1_118' title='bbox 1037 1924 1117 1988; x_wconf 86' lang='lat' dir='ltr'>tole·</span> 
     </span>
     <span class='ocr_line' id='line_1_19' title="bbox 164 2010 1117 2097; baseline 0.001 -22"><span class='ocrx_word' id='word_1_119' title='bbox 164 2013 319 2096; x_wconf 89' lang='lat' dir='ltr'>rantiam,</span> <span class='ocrx_word' id='word_1_120' title='bbox 358 2034 423 2097; x_wconf 89' lang='lat' dir='ltr'>qua</span> <span class='ocrx_word' id='word_1_121' title='bbox 458 2012 541 2075; x_wconf 83' lang='lat' dir='ltr'>vires</span> <span class='ocrx_word' id='word_1_122' title='bbox 579 2010 747 2094; x_wconf 87' lang='lat' dir='ltr'>ipsamque</span> <span class='ocrx_word' id='word_1_123' title='bbox 784 2011 863 2075; x_wconf 87' lang='lat' dir='ltr'>adeo</span> <span class='ocrx_word' id='word_1_124' title='bbox 900 2011 1117 2076; x_wconf 84' lang='lat' dir='ltr'>valetudinem</span> 
     </span>
     <span class='ocr_line' id='line_1_20' title="bbox 166 2099 1117 2201; baseline -0.001 -37"><span class='ocrx_word' id='word_1_125' title='bbox 166 2121 266 2184; x_wconf 88' lang='lat' dir='ltr'>suam,</span> <span class='ocrx_word' id='word_1_126' title='bbox 292 2120 412 2201; x_wconf 74' lang='lat' dir='ltr'>magno</span> <span class='ocrx_word' id='word_1_127' title='bbox 434 2101 547 2164; x_wconf 83' lang='lat' dir='ltr'>nostro</span> <span class='ocrx_word' id='word_1_128' title='bbox 571 2099 724 2181; x_wconf 91' lang='lat' dir='ltr'>omnium,</span> <span class='ocrx_word' id='word_1_129' title='bbox 751 2102 909 2182; x_wconf 87' lang='lat' dir='ltr'>quotquot</span> <span class='ocrx_word' id='word_1_130' title='bbox 932 2120 1013 2182; x_wconf 91' lang='lat' dir='ltr'>eum,</span> <span class='ocrx_word' id='word_1_131' title='bbox 1041 2099 1117 2182; x_wconf 83' lang='lat' dir='ltr'>quie</span> 
     </span>
     <span class='ocr_line' id='line_1_21' title="bbox 164 2185 1116 2272; baseline -0.001 -20"><span class='ocrx_word' id='word_1_132' title='bbox 164 2189 260 2272; x_wconf 87' lang='lat' dir='ltr'>plane</span> <span class='ocrx_word' id='word_1_133' title='bbox 282 2189 440 2269; x_wconf 85' lang='lat' dir='ltr'>novimus,</span> <span class='ocrx_word' id='word_1_134' title='bbox 466 2185 596 2270; x_wconf 90' lang='lat' dir='ltr'>plurimi</span> <span class='ocrx_word' id='word_1_135' title='bbox 619 2187 717 2251; x_wconf 88' lang='lat' dir='ltr'>etiam</span> <span class='ocrx_word' id='word_1_136' title='bbox 739 2186 884 2270; x_wconf 85' lang='lat' dir='ltr'>facimus,</span> <span class='ocrx_word' id='word_1_137' title='bbox 912 2185 1021 2251; x_wconf 87' lang='lat' dir='ltr'>dolore</span> <span class='ocrx_word' id='word_1_138' title='bbox 1043 2208 1116 2269; x_wconf 88' lang='lat' dir='ltr'>pro·</span> 
     </span>
     <span class='ocr_line' id='line_1_22' title="bbox 166 2273 1117 2360; baseline -0.001 -20"><span class='ocrx_word' id='word_1_139' title='bbox 166 2278 293 2342; x_wconf 80' lang='lat' dir='ltr'>stravit:</span> <span class='ocrx_word' id='word_1_140' title='bbox 323 2275 509 2341; x_wconf 79' lang='lat' dir='ltr'>incredibile</span> <span class='ocrx_word' id='word_1_141' title='bbox 538 2277 600 2360; x_wconf 89' lang='grc'>991,</span> <span class='ocrx_word' id='word_1_142' title='bbox 628 2277 708 2360; x_wconf 90' lang='lat' dir='ltr'>quot</span> <span class='ocrx_word' id='word_1_143' title='bbox 735 2274 776 2339; x_wconf 89' lang='lat' dir='ltr'>ab</span> <span class='ocrx_word' id='word_1_144' title='bbox 804 2295 948 2338; x_wconf 88' lang='lat' dir='ltr'>errorum</span> <span class='ocrx_word' id='word_1_145' title='bbox 976 2273 1117 2339; x_wconf 90' lang='lat' dir='ltr'>millibus</span> 
     </span>
     <span class='ocr_line' id='line_1_23' title="bbox 165 2361 1118 2429; baseline -0.001 0"><span class='ocrx_word' id='word_1_146' title='bbox 165 2385 220 2429; x_wconf 90' lang='grc'>999</span> <span class='ocrx_word' id='word_1_147' title='bbox 251 2364 351 2428; x_wconf 88' lang='lat' dir='ltr'>libros</span> <span class='ocrx_word' id='word_1_148' title='bbox 382 2363 565 2428; x_wconf 84' lang='lat' dir='ltr'>felicissime</span> <span class='ocrx_word' id='word_1_149' title='bbox 591 2362 771 2429; x_wconf 82' lang='lat' dir='ltr'>vindicarit.</span> <span class='ocrx_word' id='word_1_150' title='bbox 815 2361 862 2428; x_wconf 76' lang='lat' dir='ltr'>At</span> <span class='ocrx_word' id='word_1_151' title='bbox 888 2365 977 2427; x_wconf 86' lang='lat' dir='ltr'>aetas</span> <span class='ocrx_word' id='word_1_152' title='bbox 1005 2366 1118 2428; x_wconf 85' lang='lat' dir='ltr'>nostra</span> 
     </span>
     <span class='ocr_line' id='line_1_24' title="bbox 165 2449 1116 2535; baseline 0.001 -19"><span class='ocrx_word' id='word_1_153' title='bbox 165 2449 333 2516; x_wconf 83' lang='lat' dir='ltr'>mirificam</span> <span class='ocrx_word' id='word_1_154' title='bbox 355 2451 517 2534; x_wconf 83' lang='lat' dir='ltr'>quandam</span> <span class='ocrx_word' id='word_1_155' title='bbox 539 2451 655 2517; x_wconf 87' lang='lat' dir='ltr'>extulit</span> <span class='ocrx_word' id='word_1_156' title='bbox 676 2452 741 2516; x_wconf 84' lang='lat' dir='ltr'>vim</span> <span class='ocrx_word' id='word_1_157' title='bbox 763 2451 932 2516; x_wconf 91' lang='lat' dir='ltr'>hominum</span> <span class='ocrx_word' id='word_1_158' title='bbox 954 2451 1116 2535; x_wconf 90' lang='lat' dir='ltr'>improbo·</span> 
     </span>
     <span class='ocr_line' id='line_1_25' title="bbox 165 2538 1118 2624; baseline 0.003 -23"><span class='ocrx_word' id='word_1_159' title='bbox 165 2559 246 2620; x_wconf 88' lang='lat' dir='ltr'>rum,</span> <span class='ocrx_word' id='word_1_160' title='bbox 269 2538 324 2621; x_wconf 91' lang='lat' dir='ltr'>qui</span> <span class='ocrx_word' id='word_1_161' title='bbox 346 2558 500 2622; x_wconf 78' lang='lat' dir='ltr'>magnam</span> <span class='ocrx_word' id='word_1_162' title='bbox 522 2539 649 2604; x_wconf 88' lang='lat' dir='ltr'>laudem</span> <span class='ocrx_word' id='word_1_163' title='bbox 671 2540 707 2604; x_wconf 90' lang='lat' dir='ltr'>in</span> <span class='ocrx_word' id='word_1_164' title='bbox 720 2540 953 2605; x_wconf 72' lang='lat' dir='ltr'>obtrectatione</span> <span class='ocrx_word' id='word_1_165' title='bbox 976 2540 1118 2624; x_wconf 86' lang='lat' dir='ltr'>positam</span> 
     </span>
     <span class='ocr_line' id='line_1_26' title="bbox 165 2625 1118 2712; baseline 0.003 -24"><span class='ocrx_word' id='word_1_166' title='bbox 165 2627 282 2707; x_wconf 85' lang='lat' dir='ltr'>putant</span> <span class='ocrx_word' id='word_1_167' title='bbox 303 2646 408 2710; x_wconf 87' lang='lat' dir='ltr'>nequa</span> <span class='ocrx_word' id='word_1_168' title='bbox 431 2625 602 2710; x_wconf 86' lang='lat' dir='ltr'>quicquam</span> <span class='ocrx_word' id='word_1_169' title='bbox 625 2627 770 2710; x_wconf 88' lang='lat' dir='ltr'>cupidius</span> <span class='ocrx_word' id='word_1_170' title='bbox 791 2627 929 2709; x_wconf 77' lang='lat' dir='ltr'>iaciunt,</span> <span class='ocrx_word' id='word_1_171' title='bbox 953 2649 1050 2712; x_wconf 88' lang='lat' dir='ltr'>quam</span> <span class='ocrx_word' id='word_1_172' title='bbox 1073 2630 1118 2710; x_wconf 93' lang='lat' dir='ltr'>ut,</span> 
     </span>
     <span class='ocr_line' id='line_1_27' title="bbox 166 2712 1119 2798; baseline 0.003 -23"><span class='ocrx_word' id='word_1_173' title='bbox 166 2712 316 2796; x_wconf 91' lang='lat' dir='ltr'>quioquid</span> <span class='ocrx_word' id='word_1_174' title='bbox 342 2717 488 2797; x_wconf 85' lang='lat' dir='ltr'>possunt,</span> <span class='ocrx_word' id='word_1_175' title='bbox 518 2735 707 2798; x_wconf 89' lang='lat' dir='ltr'>quacunque</span> <span class='ocrx_word' id='word_1_176' title='bbox 742 2715 866 2780; x_wconf 83' lang='lat' dir='ltr'>ratione</span> <span class='ocrx_word' id='word_1_177' title='bbox 898 2719 1048 2798; x_wconf 81' lang='lat' dir='ltr'>possunt,</span> <span class='ocrx_word' id='word_1_178' title='bbox 1080 2736 1119 2778; x_wconf 96' lang='grc'>99</span> 
     </span>
     <span class='ocr_line' id='line_1_28' title="bbox 166 2799 1118 2884; baseline 0.005 -23"><span class='ocrx_word' id='word_1_179' title='bbox 166 2799 272 2862; x_wconf 87' lang='lat' dir='ltr'>aliena</span> <span class='ocrx_word' id='word_1_180' title='bbox 301 2801 404 2884; x_wconf 81' lang='lat' dir='ltr'>gloria</span> <span class='ocrx_word' id='word_1_181' title='bbox 433 2800 592 2883; x_wconf 86' lang='lat' dir='ltr'>deterant,</span> <span class='ocrx_word' id='word_1_182' title='bbox 625 2802 823 2884; x_wconf 81' lang='lat' dir='ltr'>creduntque</span> <span class='ocrx_word' id='word_1_183' title='bbox 849 2802 897 2866; x_wconf 83' lang='lat' dir='ltr'>ita</span> <span class='ocrx_word' id='word_1_184' title='bbox 928 2821 961 2865; x_wconf 89' lang='lat' dir='ltr'>se</span> <span class='ocrx_word' id='word_1_185' title='bbox 989 2801 1118 2866; x_wconf 91' lang='lat' dir='ltr'>demum</span> 
     </span>
     <span class='ocr_line' id='line_1_29' title="bbox 167 2885 1119 2986; baseline 0.004 -40"><span class='ocrx_word' id='word_1_186' title='bbox 167 2903 354 2968; x_wconf 90' lang='lat' dir='ltr'>emersuros,</span> <span class='ocrx_word' id='word_1_187' title='bbox 382 2887 409 2949; x_wconf 91' lang='grc'>91</span> <span class='ocrx_word' id='word_1_188' title='bbox 432 2908 496 2970; x_wconf 89' lang='grc'>999,</span> <span class='ocrx_word' id='word_1_189' title='bbox 522 2889 577 2970; x_wconf 90' lang='lat' dir='ltr'>qui</span> <span class='ocrx_word' id='word_1_190' title='bbox 600 2891 711 2950; x_wconf 87' lang='lat' dir='ltr'>extant</span> <span class='ocrx_word' id='word_1_191' title='bbox 711 2887 971 2970; x_wconf 88' lang='lat' dir='ltr'>,depresserint</span> <span class='ocrx_word' id='word_1_192' title='bbox 1017 2885 1119 2986; x_wconf 80' lang='lat' dir='ltr'>Quam</span> 
     </span>
     <span class='ocr_line' id='line_1_30' title="bbox 166 2935 1118 3057; baseline 0.004 -23"><span class='ocrx_word' id='word_1_193' title='bbox 166 2969 325 3034; x_wconf 89' lang='lat' dir='ltr'>rationem</span> <span class='ocrx_word' id='word_1_194' title='bbox 339 2935 507 3055; x_wconf 78' lang='lat' dir='ltr'>grassandi</span> <span class='ocrx_word' id='word_1_195' title='bbox 521 2973 562 3037; x_wconf 89' lang='lat' dir='ltr'>ad</span> <span class='ocrx_word' id='word_1_196' title='bbox 575 2973 696 3037; x_wconf 88' lang='lat' dir='ltr'>famam</span> <span class='ocrx_word' id='word_1_197' title='bbox 714 2992 810 3037; x_wconf 91' lang='lat' dir='ltr'>nemo</span> <span class='ocrx_word' id='word_1_198' title='bbox 828 2994 972 3057; x_wconf 89' lang='lat' dir='ltr'>unquam</span> <span class='ocrx_word' id='word_1_199' title='bbox 990 2974 1118 3056; x_wconf 86' lang='lat' dir='ltr'>sapiens</span> 
     </span>
     <span class='ocr_line' id='line_1_31' title="bbox 166 3056 1119 3146; baseline 0.004 -24"><span class='ocrx_word' id='word_1_200' title='bbox 166 3059 366 3142; x_wconf 85' lang='lat' dir='ltr'>approbavit.</span> <span class='ocrx_word' id='word_1_201' title='bbox 412 3056 474 3124; x_wconf 86' lang='lat' dir='ltr'>Sed</span> <span class='ocrx_word' id='word_1_202' title='bbox 496 3079 547 3124; x_wconf 91' lang='lat' dir='ltr'>me</span> <span class='ocrx_word' id='word_1_203' title='bbox 570 3060 689 3124; x_wconf 88' lang='lat' dir='ltr'>amoris</span> <span class='ocrx_word' id='word_1_204' title='bbox 712 3059 843 3143; x_wconf 88' lang='lat' dir='ltr'>quidam</span> <span class='ocrx_word' id='word_1_205' title='bbox 866 3063 973 3125; x_wconf 85' lang='lat' dir='ltr'>aestus</span> <span class='ocrx_word' id='word_1_206' title='bbox 1007 3061 1048 3125; x_wconf 91' lang='lat' dir='ltr'>ab</span> <span class='ocrx_word' id='word_1_207' title='bbox 1071 3083 1119 3146; x_wconf 87' lang='grc'>99,</span> 
     </span>
     <span class='ocr_line' id='line_1_32' title="bbox 166 3146 1119 3233; baseline 0.004 -22"><span class='ocrx_word' id='word_1_208' title='bbox 166 3147 204 3211; x_wconf 93' lang='lat' dir='ltr'>de</span> <span class='ocrx_word' id='word_1_209' title='bbox 227 3168 291 3232; x_wconf 90' lang='lat' dir='ltr'>quo</span> <span class='ocrx_word' id='word_1_210' title='bbox 321 3147 426 3212; x_wconf 88' lang='lat' dir='ltr'>dicere</span> <span class='ocrx_word' id='word_1_211' title='bbox 448 3168 625 3232; x_wconf 83' lang='lat' dir='ltr'>coeperam,</span> <span class='ocrx_word' id='word_1_212' title='bbox 652 3147 793 3212; x_wconf 86' lang='lat' dir='ltr'>abduxit.</span> <span class='ocrx_word' id='word_1_213' title='bbox 838 3146 978 3215; x_wconf 89' lang='lat' dir='ltr'>Omnino</span> <span class='ocrx_word' id='word_1_214' title='bbox 1001 3151 1119 3233; x_wconf 87' lang='lat' dir='ltr'>autem,</span> 
     </span>
     <span class='ocr_line' id='line_1_33' title="bbox 165 3200 1119 3322; baseline 0.004 -23"><span class='ocrx_word' id='word_1_215' title='bbox 165 3255 238 3300; x_wconf 90' lang='lat' dir='ltr'>cum</span> <span class='ocrx_word' id='word_1_216' title='bbox 265 3236 305 3300; x_wconf 89' lang='lat' dir='ltr'>de</span> <span class='ocrx_word' id='word_1_217' title='bbox 331 3234 433 3300; x_wconf 82' lang='lat' dir='ltr'>Paulo</span> <span class='ocrx_word' id='word_1_218' title='bbox 462 3233 609 3302; x_wconf 89' lang='lat' dir='ltr'>Manutio</span> <span class='ocrx_word' id='word_1_219' title='bbox 640 3236 837 3322; x_wconf 87' lang='lat' dir='ltr'>loquendum</span> <span class='ocrx_word' id='word_1_220' title='bbox 866 3240 928 3321; x_wconf 88' lang='grc'>991,</span> <span class='ocrx_word' id='word_1_221' title='bbox 901 3200 1119 3303; x_wconf 84' lang='lat' dir='ltr'>tmoderari</span> 
     </span>
     <span class='ocr_line' id='line_1_34' title="bbox 165 3323 1118 3411; baseline 0.002 -23"><span class='ocrx_word' id='word_1_222' title='bbox 165 3323 305 3388; x_wconf 87' lang='lat' dir='ltr'>orationi</span> <span class='ocrx_word' id='word_1_223' title='bbox 336 3344 425 3389; x_wconf 84' lang='grc'>19999</span> <span class='ocrx_word' id='word_1_224' title='bbox 456 3345 561 3408; x_wconf 89' lang='lat' dir='ltr'>neque</span> <span class='ocrx_word' id='word_1_225' title='bbox 589 3323 673 3408; x_wconf 82' lang='lat' dir='ltr'>volo,</span> <span class='ocrx_word' id='word_1_226' title='bbox 704 3346 809 3411; x_wconf 89' lang='lat' dir='ltr'>neque</span> <span class='ocrx_word' id='word_1_227' title='bbox 840 3346 982 3411; x_wconf 88' lang='lat' dir='ltr'>possum,</span> <span class='ocrx_word' id='word_1_228' title='bbox 1014 3346 1118 3410; x_wconf 85' lang='lat' dir='ltr'>nequa</span> 
     </span>
    </p>
   </div>
   <div class='ocr_carea' id='block_1_7' title="bbox 238 3495 439 3566">
    <p class='ocr_par' dir='ltr' id='par_1_8' title="bbox 238 3495 439 3566">
     <span class='ocr_line' id='line_1_35' title="bbox 238 3495 439 3566; baseline 0 -14"><span class='ocrx_word' id='word_1_229' title='bbox 238 3495 439 3566; x_wconf 51' lang='lat' dir='ltr'>botta</span> 
     </span>
    </p>
   </div>
   <div class='ocr_carea' id='block_1_8' title="bbox 0 0 1339 3914">
    <p class='ocr_par' dir='ltr' id='par_1_9' title="bbox 0 0 1339 3914">
     <span class='ocr_line' id='line_1_36' title="bbox 0 0 1339 3914; baseline 0 0"><span class='ocrx_word' id='word_1_230' title='bbox 0 0 1339 3914; x_wconf 95' lang='lat' dir='ltr'> </span> 
     </span>
    </p>
   </div>
  </div>
 </body>
</html>
