2656 3910
240 216 286 282 64
597 217 779 273 meroth
795 217 841 271 ln

240 383 301 428 nos
323 361 531 446 reprehensio
557 363 716 428 cautiores
741 362 778 426 in
803 365 970 444 posterum
995 360 1122 423 factura
1145 359 1206 424 sit

240 447 344 516 Valde
366 451 496 536 gavisus
524 472 610 534 sum,
638 471 712 514 cum
734 449 822 513 audii
846 449 982 512 fratrem
1003 452 1097 512 tuum
1117 447 1205 530 Epi-

241 558 374 622 scopum
396 536 740 622 Carpentoractensem
761 559 832 601 esse
853 537 990 600 fautum:
1013 536 1069 620 qui
1090 534 1205 598 honos

241 624 445 709 iampridem
467 626 601 690 summis
623 626 710 690 illius
723 624 897 689 virtutibus
911 623 1095 687 debebatur.
1131 620 1204 686 Ne·

242 733 304 797 que
327 712 358 777 ei
379 715 511 778 tantum
518 715 703 799 gratulatus
726 735 807 795 sum,
829 712 886 776 sed
898 710 960 775 tibi
973 731 1109 797 quoque,
1123 731 1203 774 cum

242 799 413 884 epistolam
444 822 483 867 ea
511 800 550 867 de
582 823 617 866 re
647 805 739 866 tuam
769 801 811 864 ud
841 800 999 864 Ioannem
1024 798 1203 862 Moronum

243 885 448 954 cardinalem
475 889 555 974 legi:
587 911 669 975 quoe
695 889 775 954 mihi
800 888 849 951 ita
880 888 1010 972 elegans
1041 886 1111 950 viss
1139 890 1203 969 est,

242 996 348 1062 neque
375 975 438 1042 hoc
468 979 611 1061 tantum,
643 977 699 1041 sed
725 977 773 1040 ita
799 975 940 1061 graviter
970 995 1009 1038 ac
1036 973 1202 1058 sapienter

243 1063 376 1148 scripto,
402 1065 527 1129 utiam
548 1068 619 1129 tum
642 1063 801 1147 coeperim
829 1062 964 1127 eundern
986 1061 1047 1126 tibi
1070 1082 1201 1146 quoque

242 1151 410 1236 dignitatis
424 1152 560 1237 gradum
583 1153 743 1238 augurari.
778 1150 875 1215 Mitto
899 1151 940 1214 ad
961 1153 995 1213 te
1018 1149 1202 1213 orationem

242 1259 346 1324 nuper
367 1238 422 1303 hic
443 1239 589 1304 habitam
612 1239 741 1304 aPetro
755 1238 885 1323 Magno,
907 1241 945 1302 ut
957 1257 1108 1303 versuum
1120 1236 1200 1300 levi-

242 1327 294 1390 tas
317 1325 472 1392 orationis
495 1327 652 1411 gravitate
664 1330 826 1410 pensetur.
861 1325 951 1390 Bene
964 1326 1044 1408 vale,
1067 1322 1200 1388 Sacrate

243 1412 288 1565 ari
321 1413 454 1498 optime,
470 1414 713 1568 Igmfflffffc
745 1413 949 1497 amicissime,
982 1416 1015 1478 ot
1040 1433 1092 1477 me
1115 1433 1200 1476 ama.

277 1521 378 1567 omae.
401 1517 447 1567 111.
504 1523 556 1568 on.
661 1519 845 1566 ‚nnnxxm

641 1677 798 1688 ———

695 1815 747 1880 LI.

433 1941 481 2014 M.
508 1941 751 2014 ANTOMUS
778 1938 1002 2014 MURETUS

372 2073 573 2132 rnlrcrsco
592 2075 728 2132 BENTIO
749 2074 958 2131 SOOIETATIS
982 2073 1065 2128 IESU

668 2181 689 2224 S.
703 2183 727 2224 Ρ.
743 2182 770 2223 n.

310 2285 473 2375 Utrcoque
496 2290 623 2356 litteras
645 2291 720 2352 tuae
734 2287 814 2352 mihi
829 2287 1030 2372 gratissimae
1052 2287 1198 2352 fuerunt:

244 2375 305 2442 hcc
328 2378 522 2461 posteriores
546 2397 583 2441 eo
599 2375 696 2441 ctiam
714 2375 883 2459 gratiores,
904 2376 990 2459 quod
1013 2374 1198 2439 subdubita-

244 2463 329 2546 bom,
350 2485 393 2530 ue
417 2483 510 2548 aegre
533 2462 677 2546 tulisses,
699 2461 782 2527 nihil
804 2484 824 2526 a
846 2483 897 2526 me
920 2463 962 2526 sd
983 2463 1056 2526 illas
1080 2459 1198 2526 Senen-

247 2571 297 2614 sss
320 2571 511 2636 responsum
534 2571 617 2635 esse,
645 2551 706 2616 etsi
728 2550 860 2615 videbar
887 2550 964 2614 satis
987 2549 1199 2634 respondisse,
1311 2623 1312 2632 χ

246 2657 319 2702 cum
342 2659 423 2722 quse
446 2638 592 2723 petebas,
615 2639 656 2704 ud
678 2642 710 2704 tc
733 2639 891 2702 misem
936 2636 1018 2702 Mihi
1046 2637 1132 2702 enim
1154 2637 1200 2700 vi·

246 2725 339 2791 detur
361 2725 476 2792 melius
502 2726 627 2811 petenti
653 2726 862 2809 respondere,
889 2725 945 2808 qui
971 2725 1099 2790 silentio
1122 2724 1202 2788 facit

248 2813 333 2900 quod
355 2817 498 2900 rogatur,
521 2835 618 2899 quam
632 2814 688 2899 qui
705 2813 877 2878 verborum
898 2813 1023 2877 affatim
1043 2813 1201 2896 rependit,

246 2901 292 2968 roi
306 2901 397 2968 nihil.
434 2901 565 2968 Gaudeo
579 2905 613 2968 te
627 2901 794 2968 Perusiam
808 2901 1042 2984 venissemus
1057 2897 1201 2986 (opinor)

246 2989 390 3058 crebrius
412 3011 433 3056 s
454 2994 487 3056 te
510 2991 635 3056 litteras
658 2992 842 3074 exspectare
862 2991 984 3072 potero.
1020 2987 1122 3071 (inpio
1147 3009 1201 3052 an-

246 3082 313 3144 tem
336 3078 426 3162 sciro,
449 3100 545 3163 quem
558 3077 763 3162 potissimum
776 3075 965 3160 scriptorem
979 3075 1203 3158 explicandum

248 3165 434 3250 susceperis.
469 3163 566 3248 Num,
588 3165 712 3230 siuihil
725 3165 821 3247 aliud,
844 3185 998 3228 exacuam
1010 3163 1203 3227 industrium

247 3255 348 3336 tuum,
369 3255 466 3337 teque
487 3251 635 3316 fortassis
658 3252 698 3316 ad
720 3252 810 3316 locos
829 3250 986 3335 quosdam
1008 3251 1204 3336 diligentius,

249 3361 346 3426 quum
377 3339 418 3404 ub
450 3338 521 3403 aliis
554 3339 672 3422 solent,
700 3338 887 3410 hortandos
914 3339 1069 3403 excitabo.
1119 3336 1204 3403 Cave

248 3427 336 3492 anim
362 3429 470 3512 putes,
497 3425 672 3512 quidquam
701 3426 781 3491 mihi
807 3426 949 3491 accidere
975 3447 1071 3511 posse
1093 3426 1205 3490 iucun-

249 3515 334 3599 dius,
366 3535 463 3601 quum
499 3514 607 3580 vidore
638 3517 671 3578 ts
707 3509 904 3596 τηλύγετον,
940 3517 978 3578 ut
1012 3514 1060 3578 ita
1091 3513 1206 3596 dicam,

223 3806 273 3888 Ι
