2658 3914
608 180 692 235 VAR.
711 178 814 235 Lucu.

595 407 740 476 CAPUT
762 408 845 475 XLI.

258 529 483 586 amnunlnus
501 529 550 584 ET
568 529 809 586 DECLARATUS
827 528 943 584 Locus
964 527 1106 596 QUIDAM
1126 529 1185 586 EX

487 615 675 673 EPISTOLIS
693 617 743 671 AD
763 616 937 673 ATTICUM.

304 724 393 791 Solet
406 723 527 809 Cicero,
550 747 623 790 cum
644 723 822 809 proverbiis
836 725 947 807 utitur,
969 725 1083 789 mutila
1097 747 1205 811 saepe

238 837 276 880 ea
303 818 336 879 et
363 814 527 878 decurtata
552 812 704 897 proferre,
731 813 817 898 quod
845 813 955 876 etalii
981 815 1051 878 tum
1073 813 1203 898 Latini,
1308 804 1309 819 ¹

236 907 306 968 tum
329 901 442 966 Graeci
469 901 639 984 scriptores
667 921 760 984 saepe
781 899 919 965 faciunt:
949 900 1136 987 videturque
1160 903 1204 968 in
1307 959 1308 962 ,

239 1013 276 1056 eo
299 991 404 1054 inesse
432 989 554 1074 aliquid
581 988 700 1072 leporis
724 1009 760 1052 ac
783 986 974 1072 venustatis,
1000 1009 1073 1053 oum
1095 1010 1202 1055 unus-

238 1079 371 1163 quisque
404 1076 471 1142 eius
507 1077 636 1160 linguae
671 1097 738 1140 non
769 1075 902 1160 ignarus
934 1076 1044 1141 audito
1082 1097 1201 1142 eorum

237 1164 395 1250 principio
412 1164 506 1228 facile
525 1164 648 1249 reliqua
666 1185 724 1247 per
738 1185 771 1226 se
785 1159 985 1228 subiecturus
1000 1185 1068 1228 csse
1086 1164 1200 1230 videa-

237 1256 299 1317 tur.
344 1251 407 1316 Sed
430 1251 535 1315 adfert
556 1255 667 1315 tamen
685 1272 723 1314 eo
735 1273 786 1314 res
808 1251 970 1316 interdum
984 1251 1122 1316 orationi
1136 1253 1199 1318 ali-

239 1340 315 1426 quid
338 1339 550 1421 obscuritatis,
574 1360 647 1402 cum
670 1360 708 1401 ex
730 1360 797 1402 una
819 1341 875 1403 aut
896 1360 934 1403 ex
956 1340 1057 1404 altera
1079 1341 1200 1406 vocula

237 1449 304 1492 non
331 1426 466 1513 quilibet
493 1425 604 1489 statim
630 1426 835 1508 proverbium
862 1447 931 1490 esse
959 1427 1198 1513 animadvertit,

238 1537 341 1600 neque
369 1515 436 1579 eius
465 1514 575 1580 statim
606 1513 799 1578 recordatur.
852 1513 966 1598 Itaque
998 1536 1037 1578 ea
1065 1537 1198 1600 quoque

238 1626 290 1669 res
313 1625 380 1667 non
402 1624 521 1686 paucas
544 1601 686 1665 maculas
710 1601 836 1685 scriptis
859 1606 1003 1666 veterum
1026 1602 1197 1686 adspersit.

239 1691 418 1767 Quomodo
433 1689 580 1774 equidem
595 1689 733 1754 arbitror
751 1691 961 1772 depravatum
973 1689 1072 1754 fuisse
1085 1690 1196 1756 locum

239 1779 399 1864 quendam
427 1800 444 1842 e
472 1777 555 1842 libro
578 1776 668 1842 XIII.
694 1777 915 1860 Epistolarum
943 1778 983 1841 ad
1006 1776 1197 1864 Attioum¹),

239 1868 295 1931 ubi
321 1867 367 1930 ita
393 1865 524 1950 legitur:
552 1864 626 1943 Sed,
648 1885 771 1946 quaeso,
798 1865 926 1946 epistota
952 1885 1020 1931 mee
1045 1867 1089 1930 od
1115 1867 1196 1932 Var-

238 1975 343 2019 ronem
355 1955 480 2018 caldae
493 1953 550 2016 tibi
564 1951 708 2034 placcat?
730 1953 819 2017 Male
840 1953 918 2016 miti
930 1955 984 2031 sit,
1006 1954 1035 2018 si
1055 1974 1197 2047 ucqtrom

238 2043 401 2125 quicquam
432 2045 496 2104 tom
527 2041 636 2104 coitur.
691 2038 768 2115 Quis
801 2041 888 2105 enim
919 2039 998 2104 hacc
1030 2045 1196 2124 postrema

239 2130 336 2195 verba
357 2131 468 2214 legens
494 2128 678 2192 consentit
698 2128 832 2193 insuave
855 2127 1057 2212 quiddamst
1079 2151 1099 2192 a
1118 2151 1194 2195 con-

240 2218 407 2282 suetudine
431 2215 593 2282 Ciceronis
621 2216 783 2280 alienum?
819 2214 901 2281 oum
923 2219 1031 2280 autem
1052 2217 1087 2280 in
1115 2219 1194 2284 satis
1309 2275 1310 2286 a

239 2309 345 2370 vetere
372 2305 468 2387 libre,
501 2325 563 2387 quo
595 2324 647 2367 mc
679 2302 811 2367 donavit
841 2303 952 2368 lumen
978 2325 1015 2368 ao
1043 2304 1195 2389 splendor
1309 2309 1310 2320 ¹

240 2392 429 2477 amplissimi
462 2390 596 2472 ordinis,
629 2388 806 2454 Gulielmus
839 2387 972 2456 Sirletus
1005 2389 1195 2476 Cardinclia

238 2482 378 2564 legatur:
405 2479 494 2542 Male
520 2477 600 2540 miti
624 2477 678 2555 sit,
705 2478 733 2542 sc'
759 2499 907 2560 torquem
933 2481 1101 2562 quidquam
1129 2486 1195 2546 tom

240 2569 334 2632 irrita:
357 2566 426 2629 fieri
447 2568 567 2649 potest,
590 2567 628 2628 ut
649 2565 752 2650 fallar,
776 2567 831 2630 sed
845 2567 924 2630 mihi
946 2568 1041 2651 plane
1063 2583 1194 2651 persua-
1309 2575 1310 2632 ἓ

239 2656 299 2720 deo
321 2653 491 2738 legendum
505 2674 587 2716 esse:
610 2653 640 2716 si
651 2673 800 2736 umquam
817 2656 985 2736 quidquam
1005 2661 1069 2720 tom
1086 2657 1194 2740 invito,

240 2746 273 2807 et
303 2741 556 2806 subaudiendum
587 2741 746 2819 Macco,
777 2746 814 2806 ut
846 2742 1016 2826 significet,
1048 2765 1082 2807 se
1112 2744 1194 2809 nihil

240 2851 382 2914 unquam
403 2832 471 2894 tam
493 2828 595 2905 invita
618 2829 763 2894 Minerva
785 2829 963 2913 scripsisse,
987 2852 1083 2916 quam
1104 2831 1193 2896 illam

241 2919 410 3003 epistolam
433 2918 474 2982 ad
496 2916 686 3000 Varronem,
709 2917 750 2983 ob
772 2917 868 3004 idque
891 2917 1009 3004 mirari,
1032 2919 1117 3005 quod
1139 2920 1194 2984 illa

241 3006 351 3074 Attico
372 3009 440 3072 tam
463 3006 554 3071 valde
576 3006 742 3090 placuerit.

315 3197 335 3267 ¹)
354 3213 397 3267 ep.
417 3202 460 3254 25.
