2658 3914
544 169 662 224 CAPUT
680 169 778 224 XXIV.
1072 167 1134 231 149

181 313 301 378 trudere
331 313 429 378 solent
453 333 475 376 a
500 319 576 378 neoto
606 313 786 378 consulendo
818 317 907 394 otqne
936 313 1135 394 intelligendo.

181 399 294 485 ltaque
317 422 387 469 non
408 401 476 464 sine
500 422 613 466 caussa
636 401 757 465 dictum
780 404 830 466 est
852 401 892 465 ab
906 398 1043 464 Horatio
1051 398 1090 488 1);

225 545 269 554 -
291 543 336 554 -
359 507 430 571 beno
449 507 531 587 ferro
552 527 699 589 νταρνανν

227 595 320 660 Disce
340 595 510 675 fortunam.
661 679 673 718 a

623 686 656 747 et
673 681 700 766 b

226 771 367 851 Aequam
389 775 535 836 nnmcnto
557 771 646 836 rebns
667 773 703 835 in
724 771 833 836 arduis

228 857 357 923 Sauara
379 865 525 924 mentem:
547 879 610 924 noa
632 879 715 924 scats
736 861 772 924 in
795 859 882 924 bonis

228 946 278 1010 Ab
300 947 445 1012 insolenti
468 951 667 1029 temperatam

228 1033 373 1098 Laetitia.

626 1123 700 1211 er),

227 1211 331 1280 Rebas
352 1215 493 1297 annuetis
514 1214 671 1278 animosas
693 1218 783 1294 atqua

229 1304 338 1369 Fortis
359 1323 482 1386 appare.
527 1301 689 1384 Sapienter
710 1303 791 1366 iden

230 1391 420 1458 Controbens
441 1395 528 1456 oento
549 1391 684 1455 nirninon
705 1388 833 1455 secando

504 1479 643 1562 anyida
663 1479 738 1542 oola.

110 1633 113 1642 .
185 1581 322 1667 Aliaquc
336 1585 439 1647 multa
452 1583 564 1647 eodem
586 1583 790 1666 pertinentia.
826 1579 902 1645 Non
920 1601 1042 1664 paucos
1055 1581 1141 1644 enim

185 1671 330 1754 fortuna,
358 1691 438 1753 quos
468 1670 602 1734 adversa
629 1691 696 1733 non
719 1671 876 1751 moverat,
903 1668 1043 1752 propitia
1070 1689 1140 1751 per·

187 1759 277 1823 culit:
301 1758 473 1841 multisque
497 1756 685 1842 contingere
707 1756 851 1821 videmus
874 1755 920 1838 id,
948 1756 1034 1839 quod
1056 1755 1141 1818 Tan-

186 1848 253 1910 talo
281 1846 454 1930 contigisse
482 1844 529 1908 ait
556 1843 730 1929 Pindarus,
758 1865 853 1928 quem
881 1841 959 1929 ait4)
992 1844 1141 1926 nequisse

187 1955 383 2017 concoquere
406 1933 593 1996 felicitatem
612 1955 711 1998 suam.
756 1933 801 1997 Ei
820 1927 860 2002 di
879 1927 921 2040 dq'
945 1925 1008 1995 τιν’
1034 1927 1142 2015 ἄνδρα

187 2017 317 2085 θνατὸν
345 2015 511 2104 Ὀλύμπου
542 2019 659 2084 σκοποὶ
692 2019 864 2103 ἐτίμασαν,
896 2044 940 2103 ην
975 2015 1143 2095 Τάνταλος

189 2099 300 2260 οὗτιξ,
324 2103 408 2172 ἀλλὰ
431 2102 496 2193 γὰρ
518 2106 701 2186 καταπέψαι
724 2105 828 2192 μέγαν
856 2103 959 2191 ὄλβον
986 2101 1047 2172 οὐκ
1070 2107 1142 2172 ἐδυ-

188 2215 253 2261 νασ
279 2221 311 2280 η.

523 2336 667 2403 CAPUT
688 2336 808 2402 XXIV.

190 2455 432 2510 BREVITA'PEM
454 2457 502 2512 ET
527 2457 809 2512 OBSCURITATEM
831 2457 959 2512 APTAM
982 2457 1069 2512 ESSE
1092 2458 1142 2512 AD

243 2543 444 2598 TERROREM
461 2545 712 2616 INFERENDUM‚
732 2545 893 2612 ALIQUOT
912 2546 1094 2601 EXEMPLIS

526 2632 802 2689 CONFIRMATUM.

257 2737 406 2805 Brevitas
429 2741 581 2825 loquendi
604 2747 637 2807 et
659 2744 815 2808 sermonis
839 2743 1017 2808 obscuritas
1044 2743 1142 2825 impe-

188 2826 310 2890 riosum
337 2829 489 2912 quiddam
514 2830 629 2912 habet,
656 2830 790 2913 ideoque
818 2831 986 2913 aptissima
1013 2833 1063 2893 est
1085 2830 1143 2892 mi·

188 2914 340 2978 nantibus
371 2918 520 2999 utraque,
556 2917 749 3000 mirificeque
782 2917 913 2998 prodest
945 2918 985 2981 ad
1018 2917 1162 2980 animos‘

190 3021 315 3083 eorum,
338 3003 527 3084 quibuscum
550 3004 690 3086 agimus,
711 3004 1026 3087 perterrefaciendos.
1057 3002 1143 3066 Nam

189 3090 225 3150 ut
242 3089 278 3152 in
295 3089 437 3153 tenebris
455 3089 559 3174 magis
581 3091 736 3155 timentur
754 3091 864 3156 omnia
887 3113 984 3175 quam
1005 3091 1040 3154 in
1058 3092 1142 3155 luce:

189 3176 235 3238 sic
261 3177 335 3240 illae
364 3177 519 3241 orationis
549 3179 641 3261 quasi
669 3179 819 3242 tenebrae
850 3179 1043 3244 terribiliora
1073 3179 1142 3243 red-

189 3263 270 3327 dunt
284 3285 330 3348 ea,
345 3286 426 3349 quae
445 3270 678 3349 proponuntur.
714 3266 824 3352 quue,
846 3271 883 3331 ut
897 3268 1020 3352 opinor,
1044 3267 1142 3332 secuti

260 3419 281 3486 ¹)
303 3418 391 3474 Canu.
411 3420 459 3475 III.
479 3427 521 3491 27,
542 3427 583 3477 74.
670 3423 690 3489 ¹)
710 3421 799 3477 Canu.
818 3423 852 3476 Π.
872 3429 897 3490 3,
917 3429 941 3477 1.

260 3488 281 3559 ⁸)
301 3488 390 3544 Caum.
409 3491 443 3544 II.
463 3497 505 3546 10.
526 3497 569 3546 21.
668 3494 689 3562 ⁴)
709 3491 818 3562 Olymp.
837 3493 857 3546 Ι.
877 3498 920 3546 85.
