2656 3910
495 241 672 297 EPISTOLA
689 242 811 297 LXXIII.
1088 239 1129 304 99

177 406 242 450 uno
262 383 418 468 Stephani
432 385 530 470 Regis
554 385 676 470 effigies
699 386 824 469 visitur,
845 386 880 448 in
904 385 1005 449 altero
1028 383 1130 468 ipsius

178 471 350 556 Zamoseii3
379 495 418 538 ex
446 473 579 538 adverso
604 477 725 558 autem,
752 475 787 538 in
809 473 866 538 illo
889 474 1018 559 quidem
1040 472 1130 556 regio

177 562 360 644 provinciae
384 560 477 645 duae,
505 584 584 646 quas
607 562 676 645 ipse
698 561 741 626 ab
763 561 911 626 hostibus
933 561 1067 643 recepit,
1096 561 1131 622 in

178 647 387 714 Zamosoiano
411 653 519 714 autem
536 671 673 715 coronae
692 649 773 714 duae
790 649 960 732 implexae,
982 649 1132 732 oleagina

178 758 256 820 una,
279 738 389 802 laurea
411 738 525 821 altera,
548 738 664 802 additis
687 738 828 822 vocibus,
851 755 1011 814 urnaque
1035 752 1131 802 oms.

178 824 290 908 Volui,
312 829 350 890 ut
372 825 472 909 potui,
495 827 599 890 virum
624 848 750 890 summa
773 825 928 910 dignitate
950 825 1132 909 praeditum

178 913 375 977 remunerari
398 917 430 976 et
453 915 569 978 saltem
587 914 717 978 reddere
738 934 831 978 aerea
848 935 907 997 pro
927 912 1040 977 aureis.
1072 911 1131 974 At-

179 1021 241 1084 que
263 1002 389 1065 utinam
410 1001 444 1064 id
466 1001 573 1084 ipsum
587 1005 752 1066 assecutus
767 1001 836 1084 sim,
859 1003 896 1064 ut
910 1001 1024 1064 saltem
1039 1021 1132 1062 aerea

179 1088 364 1153 remiserim.
413 1087 518 1152 Valde
545 1090 631 1152 enim
658 1092 780 1171 metuo,
811 1109 852 1152 ne
879 1088 1021 1152 miserim
1052 1081 1132 1151 οὐδὲ

179 1177 303 1258 χαλκοῦ
326 1172 411 1254 ἄξια.
455 1176 522 1241 Ero
546 1177 646 1260 igitur
668 1175 844 1260 Choerilus,
868 1176 924 1261 qui

414 1281 540 1348 anatra
561 1281 697 1349 vasatas
718 1288 748 1348 et
768 1283 848 1348 male
868 1282 962 1362 foetis

346 1369 467 1435 Retulit
487 1375 636 1454 acceptos:

181 1475 268 1538 nosti
299 1473 443 1561 cetera.¹)
488 1475 555 1541 Eos
581 1480 618 1540 tu
647 1477 745 1540 semel
771 1477 871 1540 laetos
894 1497 1066 1558 eonoerpas
1090 1497 1132 1539 an

181 1563 278 1625 etiam
301 1564 452 1627 ostendas
476 1565 592 1648 quibus
614 1565 784 1645 videbitur,
805 1563 916 1627 iudicii
934 1567 1030 1646 atque
1049 1563 1132 1626 arbi-

180 1649 235 1712 trii
261 1650 310 1714 tui
336 1672 387 1715 res
415 1655 494 1714 esto
538 1650 592 1713 Ad
619 1650 789 1714 Gillottum
815 1648 855 1722 V.
879 1647 913 1714 O.
941 1653 1017 1733 post
1043 1651 1133 1714 illam

182 1738 415 1803 oratiunculam
433 1738 507 1802 misi
521 1738 619 1802 etiam
632 1737 732 1801 libros
745 1736 913 1801 duodecim
925 1737 1133 1801 historiarum

181 1823 232 1888 Pii
264 1823 403 1890 Secundi
434 1824 613 1908 Pontificio,
648 1825 789 1909 itemque
821 1822 980 1889 Graeoum
1015 1825 1133 1889 librum

180 1916 334 1994 veterem,
357 1934 420 1994 quo
444 1935 569 1977 summa
591 1913 748 1998 quaedam
771 1913 945 1996 analyticas
969 1916 1002 1978 et
1024 1913 1132 1997 physi-

182 2019 234 2062 oes
257 1999 434 2062 luculenter
462 2001 621 2083 explicata
648 2001 866 2084 continentum
893 2022 996 2084 neque
1023 2004 1133 2066 tamen

182 2085 223 2149 ab
251 2105 289 2149 eo
311 2085 436 2150 litteras
459 2089 573 2170 postea
595 2089 678 2153 ullas
702 2089 817 2171 aeoepi.
863 2087 963 2170 Spero
986 2089 1070 2171 fore,
1097 2092 1135 2153 ut

182 2173 270 2238 brevi
288 2173 455 2239 naneisoar
473 2173 594 2258 aliquid
607 2175 678 2259 otii3
703 2175 830 2261 quodsi
844 2176 980 2259 dabitur,
1002 2176 1134 2259 explebo

182 2284 238 2327 vos
265 2263 363 2348 nugis
389 2263 478 2328 meis.
523 2261 604 2330 Heri
626 2263 762 2329 conveni
785 2261 988 2328 Cardinalem
1011 2262 1042 2328 S.
1066 2262 1135 2327 Ste-

181 2351 281 2432 phani
312 2354 344 2415 et
372 2373 445 2416 oum
472 2373 510 2417 eo
534 2352 573 2417 de
596 2356 628 2418 te
651 2352 706 2416 diu
728 2352 904 2418 eollooutus
928 2373 1008 2416 sum.
1053 2351 1135 2416 Mihi

182 2440 287 2522 erede,
309 2439 402 2504 valde
424 2444 457 2506 te
480 2445 576 2506 amat.
622 2440 680 2525 Tu,
703 2462 832 2526 quaeso,
855 2461 894 2504 ex
915 2440 979 2506 isto
1001 2439 1134 2504 nobilis·

182 2525 263 2591 simo
292 2547 444 2593 consessu
472 2532 578 2594 vestro
606 2549 686 2612 quoa
713 2529 794 2594 mihi
822 2529 941 2595 amieos
969 2550 1039 2594 esse
1063 2528 1134 2611 sois,

182 2635 249 2698 eos,
281 2614 367 2699 quod
399 2616 566 2681 commodo
594 2620 650 2680 tuo
678 2617 748 2701 fiat,
779 2617 859 2682 meis
887 2617 993 2683 verbis
1020 2617 1134 2682 saluta.

181 2700 311 2768 Romae.
334 2700 419 2767 Non.
442 2703 508 2767 Mai
530 2721 721 2770 unaxxruv.

583 2929 731 2994 LXXIII.

370 3031 419 3108 M.
446 3036 689 3110 ANTONIUS
715 3033 940 3109 MURETUS

626 3155 640 3196 S
661 3155 683 3196 1>

479 3185 648 3280 memoro
665 3183 836 3280 minemo

268 3331 338 3398 Iam
358 3333 483 3418 pridem
498 3335 539 3399 ad
561 3337 594 3398 te
608 3335 730 3420 soripsi,
754 3334 839 3419 quod
852 3334 970 3400 iterum
984 3333 1131 3413 scribam,

180 3421 307 3504 quando
330 3422 454 3487 litteras
469 3444 557 3488 meas
581 3423 622 3487 ad
643 3427 676 3488 te
698 3424 839 3508 perlatae
858 3444 926 3487 non
941 3441 1010 3486 ease
1023 3421 1130 3485 video:

253 3559 272 3630 ¹)
289 3559 385 3616 Horat.
406 3561 486 3632 epist.
505 3561 538 3617 Π.
560 3568 583 3618 1.
603 3567 663 3618 233.
682 3578 723 3630 eq.

881 3653 895 3702 7
902 3647 917 3680 *
