2656 3910
464 199 643 255 EPISTOLA
662 200 772 255 LXXV.
1030 197 1093 263 105

136 341 351 408 admiratione
382 346 511 408 tuarum
544 345 756 429 singularium
787 344 822 408 in
854 343 944 408 omni
976 363 1091 426 genere

136 431 308 494 virtutum:
333 431 449 515 quibus
473 433 519 496 ita
541 433 610 515 tibi,
633 433 766 496 durnin
779 432 858 496 urbe
880 432 1025 495 versatus
1049 451 1091 512 es,

137 517 283 582 omnium
297 520 480 584 voluntates
504 521 683 585 conciliasti
698 542 734 585 ac
748 519 928 602 devinxisti,
946 521 983 583 ut
996 517 1091 582 hodie

13 621 14 626 ’
137 627 275 690 quoque,
298 607 431 671 absente
453 611 494 685 te,
517 630 589 672 cnm
614 609 783 674 solutiores
806 609 936 692 linguae
960 610 993 671 et
1014 606 1091 670 libe·

138 694 225 758 riora
248 694 365 758 iudicia
388 716 457 760 esse
480 697 598 781 solent,
625 718 720 762 nemo
749 699 859 761 tamen
881 695 975 759 aliter
998 694 1036 758 de
1058 697 1091 758 ta

137 802 237 864 quam
260 782 298 845 de
321 782 463 865 perfeeto
482 785 622 867 quodam
644 788 677 848 et
699 785 848 849 omnibus
871 783 1013 848 numeris
1036 783 1090 846 ab·

137 870 244 934 soluto
272 870 400 935 virtutis
433 873 579 955 exemplo
611 874 770 956 loquatur.
820 871 870 936 Ex
902 892 965 954 quo
998 869 1091 934 facile

136 959 231 1041 potes
253 957 446 1043 intelligere,
473 963 671 1044 quantopere
698 959 778 1024 mihi
806 959 926 1022 detali
952 960 1091 1040 patrono

137 1043 343 1129 gloriandum
358 1047 407 1130 sit,
431 1051 614 1131 quantaque
636 1049 672 1111 in
685 1051 777 1131 parte
796 1045 957 1110 felicitatis
971 1065 1091 1128 ponere

138 1132 282 1216 debeam,
304 1135 391 1218 quod
412 1157 479 1200 non
501 1138 628 1200 tantum
651 1136 686 1200 in
709 1134 878 1198 clientibus
900 1136 958 1198 tua
979 1133 1091 1196 volun·

136 1223 206 1284 tate
229 1242 386 1305 numeror,
409 1223 465 1286 sed
489 1223 586 1287 etiam
609 1224 699 1288 nullo
718 1223 832 1288 merito
856 1243 927 1285 meo
951 1221 1037 1305 apud
1059 1224 1091 1284 te

138 1309 248 1393 aliquo
270 1309 306 1373 in
328 1311 432 1393 pretio
454 1311 583 1375 habear.
619 1311 787 1396 Equidem,
811 1313 966 1395 quantum
989 1309 1024 1373 in
1040 1329 1091 1376 me

138 1397 209 1480 erit,
236 1397 325 1460 omni
352 1398 459 1463 studio
490 1400 638 1464 connitor
669 1399 806 1477 efficere,
837 1403 875 1462 ut
906 1418 1091 1463 conservem

137 1487 229 1548 tuam
256 1485 350 1548 istam
380 1507 457 1571 erga
483 1508 534 1551 me
566 1488 666 1552 animi
696 1487 957 1571 propensionem,
987 1506 1091 1569 neque

139 1572 314 1655 quidquam
341 1573 445 1639 habeo
474 1575 650 1658 antiquius,
678 1597 775 1660 quam
802 1576 838 1636 ut
865 1575 1026 1656 praestem
1054 1593 1091 1636 ea

9 1663 11 1684 ‘
139 1660 262 1744 omnia,
294 1682 375 1744 quae
402 1662 462 1726 tibi
494 1684 533 1726 ex
563 1683 614 1726 me
646 1683 713 1726 non
744 1660 919 1724 iniucunda
951 1659 1091 1723 accidere

138 1769 236 1831 posse
250 1748 439 1814 arbitrabor.
475 1751 524 1814 Ac
547 1750 698 1834 quoniam
723 1749 763 1813 ab
785 1748 916 1812 homine
943 1747 978 1810 in
1000 1746 1090 1809 libris

139 1857 178 1899 ac
204 1835 354 1900 litterulis
382 1837 490 1902 abdito
518 1838 571 1902 vix
598 1835 685 1901 aliud
712 1836 889 1920 exspectari
916 1834 1091 1919 quidquam

138 1925 256 2006 potest,
278 1924 407 1988 mittam
435 1925 475 1988 ad
501 1928 533 1989 te
556 1925 661 1990 foetus
690 1924 845 2010 quosdam
868 1922 991 2008 ingenii
1019 1922 1091 2006 mei,

139 2032 207 2074 non
229 2011 301 2075 illos
325 2013 454 2095 quidem
481 2013 573 2077 valde
596 2013 712 2097 dignos
740 2014 795 2096 qui
823 2034 843 2075 a
864 2015 897 2076 te
919 2010 1091 2094 inspician-

138 2104 203 2182 tur,
225 2099 282 2162 sed
304 2102 414 2164 tamen
436 2121 504 2166 non
526 2120 754 2185 usquequaque
777 2099 849 2177 tibi,
877 2102 914 2163 ut
937 2118 1011 2181 spes
1034 2100 1092 2181 est,

138 2187 286 2270 ingratos
308 2187 447 2272 futuros,
474 2189 561 2274 quod
587 2189 628 2253 ab
650 2187 781 2253 homine
807 2187 856 2251 tui
879 2185 1091 2251 observantis·

140 2274 222 2338 simo
245 2275 495 2358 proficiscentur.
540 2275 670 2342 Mittam
692 2275 804 2360 igitur,
831 2275 859 2339 si
880 2273 970 2338 Deus
996 2273 1092 2355 volet,

140 2365 216 2425 ante
248 2363 346 2428 finem
376 2365 496 2428 mensis
526 2365 670 2430 Ianuarii
700 2365 800 2430 libros
832 2361 912 2427 duos
943 2360 1091 2426 Rhetori-

139 2471 251 2514 corum
273 2449 457 2517 Aristotelis
480 2474 500 2516 a
521 2473 572 2516 me
600 2474 772 2518 conversos
798 2451 834 2516 in
863 2450 1001 2536 gratiam
1023 2448 1091 2532 pio-

138 2559 212 2601 rum
235 2538 436 2622 quorundam
462 2543 495 2603 et
517 2540 714 2606 eruditorum
740 2540 908 2605 hominum
935 2560 952 2603 e
976 2537 1091 2604 sodali-

138 2628 207 2688 tate
230 2625 317 2709 lesu,
344 2627 400 2710 qui
422 2648 481 2709 pro
505 2629 705 2712 auctoritate,
728 2649 792 2713 qua
813 2628 987 2711 plurimum
1006 2624 1092 2709 apud

139 2732 192 2776 me
205 2713 323 2796 valent,
346 2718 481 2798 egerunt
503 2735 636 2800 mecum,
658 2719 695 2780 ut
712 2716 745 2779 id
758 2737 875 2780 munus
890 2714 1092 2797 susciperem,

140 2799 227 2885 quod
248 2801 558 2885 interpretationem,
589 2804 708 2887 quain
732 2803 849 2866 scholis
878 2803 944 2865 suis
966 2804 1091 2864 uteren-

138 2892 202 2970 tur,
223 2890 361 2972 reperire
385 2910 419 2954 se
432 2891 533 2954 ullam
545 2891 711 2973 negarent
747 2887 818 2953 Hoc
831 2889 931 2971 igitur
944 2887 1091 2970 primum.

140 2973 207 3040 Sub
229 2976 327 3041 finem
350 2980 457 3042 autem
480 2977 600 3042 mensis
613 2975 736 3059 Aprilis
760 2995 853 3058 spero
875 2973 943 3038 fore
961 2975 998 3036 ut
1019 2973 1092 3036 mit

138 3066 208 3128 tam
235 3085 332 3147 opera
364 3064 486 3146 omnia,
518 3083 598 3148 quae
630 3062 759 3146 quidem
790 3063 914 3144 extant,
946 3057 1093 3143 Senecae,

139 3151 310 3218 emendata
332 3174 352 3215 a
365 3172 417 3215 me
439 3151 726 3216 innumerabilibus
748 3148 836 3232 loeis,
859 3147 976 3213 additis
995 3147 1094 3213 etiam

138 3238 226 3303 notis
250 3239 441 3324 quibusdam
464 3239 552 3304 meis.
597 3237 683 3302 Eum
705 3258 780 3302 vero
802 3237 921 3302 librum
944 3256 1037 3320 spero
1061 3238 1094 3299 et

137 3325 200 3389 tibi
222 3329 256 3391 et
277 3346 396 3410 magno
419 3326 617 3393 (lancellario
645 3329 678 3390 et
699 3346 774 3391 vero
804 3325 867 3409 ipsi
890 3323 1093 3390 serenissimo

138 3411 222 3496 Regi
249 3435 287 3476 aa
313 3411 453 3480 Domino
480 3436 553 3479 meo
585 3414 718 3498 dignum
749 3413 853 3478 visum
882 3412 935 3495 iri,
967 3412 1002 3476 in
1029 3431 1093 3494 quo

138 3499 291 3564 subsicivi
317 3502 471 3585 temporis
498 3502 619 3586 aliquid
647 3500 827 3565 collocetur.
882 3498 974 3574 Quod
1002 3498 1094 3564 situ
