2656 3910
179 181 222 244 22
514 179 693 236 EPISTOLA
710 180 797 235 XVII.

179 326 242 390 lius
266 325 441 409 (levardus,
463 325 614 410 eleganti,
636 327 674 389 nt
694 325 799 389 visum
824 327 882 407 est,
903 324 1036 409 ingenio
1061 325 1137 392 ado-

180 414 317 497 lescens,
341 415 478 478 salutem
501 413 565 477 tuis
588 412 694 477 verbis
721 412 927 478 nunciarunt.
963 412 1052 488 Quae
1074 413 1138 478 fuit

127 545 132 549 -
180 503 236 566 illa
260 500 390 586 quidem
418 501 498 565 mihi
521 522 579 584 pro
604 522 641 566 eo
665 521 703 564 ac
726 500 837 565 debuit
859 499 1058 585 gratissima3
1081 502 1137 566 sed

181 611 199 654 e
222 610 369 654 sermone
392 589 545 653 Mustellii
568 609 639 652 eam
667 588 737 672 cepi
759 589 940 653 molestiam
968 610 1036 653 non
1059 609 1137 654 sane

181 676 382 761 mediocrem,
406 678 491 762 quod
515 699 553 741 ex
576 698 613 741 eo
637 676 675 741 de
698 677 868 760 molestiis,
891 677 1007 761 quibus
1029 680 1066 741 tu
1088 678 1138 742 in-

181 769 270 830 terea
293 766 495 830 conflictatus
519 786 567 848 es,
590 766 624 828 et
645 764 684 829 de
707 765 819 828 matris
846 768 922 828 tuae
945 765 1138 830 lectissimae

183 857 216 918 et
237 857 279 937 te,
302 854 360 918 tali
382 853 458 938 filio,
481 852 689 938 dignissimae
710 852 852 917 mulieris
875 852 1010 917 infirmit
996 856 1062 918 tate
1085 875 1138 918 co·

182 941 290 1027 gnovi.
335 941 450 1026 Itaque
482 939 666 1027 cogitabam
696 941 802 1024 primo
834 962 961 1026 quoqne
992 944 1138 1026 tempore

183 1029 224 1094 ad
245 1034 278 1094 te
302 1051 432 1095 exarare
456 1029 577 1115 aliquid
599 1029 793 1131 litterarum,
820 1050 884 1114 quo
908 1031 941 1094 et
966 1049 1139 1115 purgarem

183 1140 247 1202 me,
275 1119 330 1202 qui
356 1122 426 1183 tam
453 1117 508 1182 diu
534 1117 616 1181 nihil
650 1117 860 1201 scripsissem,
888 1119 921 1181 et
951 1117 1139 1201 minuerem,

184 1209 341 1290 quantum
363 1205 396 1270 id
411 1205 561 1289 quidem
553 1227 588 1268 ιιι
601 1227 652 1269 me
667 1209 760 1287 esset,
783 1203 1018 1289 aegritudinem
1039 1208 1138 1270 tuam.

184 1291 247 1358 Sed
274 1293 351 1357 dum
374 1293 459 1358 diem
486 1314 525 1358 ex
547 1292 597 1358 die
621 1291 715 1377 duco,
742 1254 839 1358 liomo
863 1314 935 1358 eum
963 1294 1140 1359 ceterisin

183 1381 280 1446 rebus
303 1403 370 1447 non
385 1381 558 1446 admodum
579 1343 802 1464 industrius,t
787 1383 857 1445 tum
871 1381 912 1445 ad
935 1381 1139 1447 scribendum

182 1469 387 1555 pigerrimus,
410 1465 492 1556 (non
506 1469 601 1535 modo
624 1468 711 1556 enim
728 1490 824 1534 nosse
847 1469 997 1535 auaritia
1018 1468 1139 1534 bellum

185 1561 248 1643 est,
270 1580 381 1624 verum
405 1559 502 1623 etiam
524 1558 574 1623 fat
575 1554 682 1643 eri,)t
683 1579 703 1621 u
708 1579 803 1642 ,quo
826 1579 923 1622 nemo
944 1579 1081 1643 usquam
1103 1559 1141 1623 in

185 1647 274 1712 omni
297 1667 414 1732 genere
432 1647 606 1711 humanior
628 1648 685 1710 aut
698 1644 871 1712 officiosior
885 1648 943 1729 est,
966 1647 1140 1748 occupasti,

185 1736 291 1800 missis
315 1735 429 1801 adme
453 1735 651 1800 suavissimis
674 1736 707 1798 et
728 1733 924 1818 reliquarum
946 1737 1075 1798 tuarum
1098 1735 1140 1799 si

185 1823 329 1887 millimis
351 1823 477 1887 litteris.
512 1822 566 1887 Ad
589 1843 669 1906 quas
692 1842 752 1907 ego
776 1822 852 1906 quia
874 1821 1044 1887 distractus
1067 1823 1140 1888 aliis

186 1911 270 1975 euris
301 1914 369 1974 tam
397 1910 538 1994 copiose,
567 1932 662 1994 quam
689 1909 817 1994 vellem,
847 1911 1040 1994 respondere
1072 1931 1141 1976 non

186 2020 332 2083 possum,
358 1999 496 2063 strictim
523 1999 637 2063 saltem
665 1998 793 2083 singula
820 2018 931 2063 eorum
959 1997 1065 2082 capita
1092 2003 1141 2063 at-

186 2088 321 2172 tingam.
364 2087 509 2152 Primum
535 2086 636 2172 igitur
662 2109 682 2150 a
704 2089 750 2170 te,
780 2089 935 2170 quantum
963 2107 1014 2151 me
1042 2107 1141 2171 umas,

186 2179 315 2241 tantum
337 2180 412 2260 peto
436 2180 532 2261 atque
555 2175 725 2258 contendo,
746 2175 784 2238 ut
796 2175 906 2239 omnia
927 2174 1044 2259 potius,
1058 2197 1141 2261 quae

186 2267 348 2350 negantur
374 2261 445 2329 fieri
467 2284 575 2347 posse,
602 2265 756 2328 eventura
778 2262 953 2346 existimes,
982 2285 1078 2348 quam
1104 2267 1143 2329 ut

189 2353 358 2436 quicquam
373 2352 412 2415 de
435 2372 507 2415 meo
524 2350 561 2413 in
577 2352 610 2412 ιι
634 2371 751 2434 amore,
774 2354 838 2434 aut,
860 2353 897 2414 ut
909 2350 1013 2416 verius
1028 2351 1142 2435 dicam,

188 2440 227 2503 de
250 2461 323 2503 mea
344 2439 409 2503 tuis
432 2438 604 2503 virtutibus
626 2440 659 2502 et
680 2437 917 2502 iucundissimis
939 2439 975 2502 in
997 2460 1049 2504 me
1072 2441 1142 2505 offi-

189 2527 246 2591 ciis
270 2527 378 2591 debita
400 2527 606 2592 observantia
620 2525 814 2591 detrahatur.
844 2525 997 2592 Gratulor
1018 2526 1081 2592 tibi
1103 2527 1143 2593 de

188 2619 376 2701 recuperata
403 2614 516 2680 matris
538 2614 734 2699 valetudine,
762 2614 812 2679 cui
835 2615 933 2679 etiam
958 2614 1022 2699 ipsi
1044 2637 1064 2680 a
1090 2638 1144 2681 me

189 2705 274 2768 salut
259 2707 326 2768 tem
348 2703 450 2788 dicas,
472 2703 564 2789 eique
587 2724 658 2768 meo
686 2702 817 2768 nomine
841 2704 1010 2788 gratuleris
1034 2703 1144 2788 velim3

189 2795 268 2876 puto
297 2813 382 2878 eam,
411 2813 596 2877 quanquam
623 2791 721 2856 semel
751 2794 879 2855 tantum
907 2814 927 2856 a
953 2813 1004 2856 me
1031 2791 1145 2875 visam,

188 2881 283 2946 facile
314 2885 425 2946 tamen
456 2879 667 2945 redituram'
657 2901 693 2944 m
718 2879 907 2944 memoriam
933 2879 1005 2944 mei
1051 2877 1145 2956 Quod

190 2970 231 3035 ad
253 2973 286 3036 te
309 2970 439 3054 scripsit
460 2969 602 3054 Laelius,
627 2988 781 3070 magnam
805 2967 948 3052 quotidie
973 2989 1041 3033 nou
1068 2967 1145 3033 ado·

188 3059 366 3124 lescentum
388 3058 498 3142 modo,
526 3058 581 3122 sed
605 3057 749 3122 omnium
777 3058 976 3120 aetatumt
942 3059 1038 3140 atque
1061 3056 1145 3121 ordi·

188 3167 268 3211 num
291 3148 358 3209 mul
359 3146 530 3210 titudinem
548 3145 589 3209 ad
602 3167 654 3209 me
677 3144 871 3208 audiendum
884 3143 1053 3246 ventitare,
1067 3165 1146 3209 sane

189 3235 392 3300 verissimum
416 3236 477 3316 est,
500 3233 609 3317 idque,
634 3234 672 3296 ut
693 3253 805 3297 verum
831 3231 985 3314 fatear,
975 3231 1038 3316 1psi
1065 3232 1148 3297 mihi

189 3323 366 3476 permirum
392 3284 494 3386 videii
522 3321 612 3386 solet.
590 3318 742 3385 tNam
770 3322 804 3384 et
825 3319 948 3384 Romae
975 3341 1085 3384 rarum
1111 3320 1147 3385 id

271 3414 387 3496 etego
409 3410 445 3474 in
468 3431 519 3475 me
542 3409 624 3472 nihil
648 3407 751 3473 sentio
752 3429 858 3560 ,quot
861 3410 955 3472 tanta
977 3407 1148 3473 hominum

190 3414 297 3565 studia
320 3498 506 3564 excitentur
544 3495 606 3563 Sed
629 3495 757 3582 quando
781 3499 858 3560 sunt
880 3495 935 3581 qui
958 3496 1052 3560 aliter
1074 3517 1149 3560 sen-
