2656 3910
221 222 264 286 48
547 217 727 274 EPISTOLA
744 218 857 274 XXXII.

220 387 321 449 prope
352 366 507 449 perpetuo
538 363 777 463 loquimumet
745 361 877 446 eipse
911 365 1026 445 postea
1061 362 1180 429 litteris

222 453 288 518 suis
310 452 385 536 tibi,
409 473 491 536 quae
514 472 586 514 mee
609 451 708 514 sitm
730 453 762 514 te
786 450 1003 534 observantia,
1030 472 1103 516 vere
1127 473 1179 516 ac-

221 545 393 625 curateque
425 538 602 622 perscribit.
648 536 776 603 Oonstit
761 540 886 602 tueram
917 559 1020 621 nuper
1050 539 1180 604 mittere

221 630 263 694 ad
285 633 318 692 te
341 647 444 712 nugas
460 626 614 711 quasdam
636 647 733 710 meas,
756 625 962 690 scholasticas
982 627 1123 709 omnino,
1146 628 1180 692 id

222 720 281 799 est,
303 714 462 780 nonsatis
486 715 609 798 dignas,
633 718 792 798 quaesto
815 714 1005 798 legerentur,
1029 714 1180 798 sedquas

222 808 332 868 tamen
354 803 483 887 tibi,ut
497 824 533 867 so
533 803 695 885 lentmea,
718 801 892 884 placituras
907 821 976 866 esse
1000 803 1181 904 sperabam.

223 891 261 956 Id
282 895 395 975 postea
414 891 507 956 omisi
529 890 644 971 facere,
667 890 751 974 quia,
775 889 865 954 cuius
881 911 978 973 opere
1000 891 1035 954 in
1058 891 1103 955 eis
1127 891 1181 954 de-

223 979 398 1046 scribendis
421 983 539 1062 uterer,
567 999 634 1042 non
656 977 823 1042 habebam.
868 976 963 1042 Nune
985 978 1101 1061 habeo,
1124 980 1181 1063 qui
1311 1055 1312 1068 χ

222 1069 256 1132 id
283 1067 448 1134 commode
481 1066 587 1131 faciat.
564 1064 737 1141 tOuare
769 1068 919 1148 exspecta
949 1028 1134 1150 propediem
1162 1089 1182 1130 a

222 1179 274 1221 me
300 1156 466 1240 ingentem
492 1154 693 1236 fascIculum,
720 1175 779 1237 pro
807 1175 871 1238 quo
897 1173 1009 1219 vereor
1038 1175 1079 1217 ne
1106 1155 1181 1238 plus
1311 1199 1312 1220 ι

224 1243 378 1307 mercedis
410 1243 552 1306 dandum
580 1241 622 1304 sit
651 1241 841 1324 tabellariis,
874 1263 971 1327 quam
999 1242 1112 1326 quanti
1143 1263 1182 1307 ea

226 1332 334 1396 omnia
356 1332 458 1394 erunt.
484 1327 559 1392 Erit
579 1331 689 1392 tamen
712 1329 797 1414 quod
819 1328 923 1393 rideas
946 1351 1012 1394 una
1033 1351 1107 1394 oum
1121 1328 1181 1394 Oa·

224 1419 312 1483 nalio
334 1421 460 1500 nostro,
483 1417 538 1502 qui
560 1416 653 1500 mibi,
676 1420 714 1480 ιιι
736 1417 843 1501 debet,
865 1418 977 1482 haeret
998 1418 1033 1481 in
1056 1418 1180 1501 anim03
1311 1403 1312 1428 ³

225 1528 321 1591 quem
343 1509 393 1589 tu,
419 1505 465 1570 mi
488 1503 631 1588 Sacrate,
659 1505 813 1569 salutabis
838 1504 1008 1591 diligenter
1029 1527 1100 1571 meo
1123 1527 1180 1571 no-

225 1595 325 1678 mine,
348 1596 381 1658 et
403 1593 458 1678 qui
479 1593 560 1657 mibi
586 1593 841 1660 benevolentiam
868 1594 970 1679 ipsius
993 1594 1181 1680 conciliasti,

225 1683 310 1747 idem
334 1681 545 1748 conservabis.
590 1680 721 1766 Nescio,
744 1703 786 1746 an
809 1681 914 1747 adhue
939 1683 1103 1746 resciverit
1130 1681 1181 1747 Ia·

225 1772 341 1837 cobum
360 1769 533 1834 Aemilium
556 1769 700 1854 Belgam,
723 1791 818 1854 quem
839 1771 910 1854 ipse
932 1769 1013 1834 mihi
1036 1773 1068 1834 et
1089 1793 1181 1854 prae·

226 1881 301 1924 sens
338 1862 371 1922 et
405 1879 462 1940 per
497 1857 621 1921 litteras
658 1857 951 1943 commendaverat,
992 1879 1094 1941 nuper
1128 1858 1182 1924 hio

227 1949 389 2010 mortuum
413 1966 490 2010 esse.
513 1943 613 2008 Plura
635 1945 773 2009 scribere
796 1947 977 2029 cupientem
1003 1947 1183 2029 impediunt

171 2101 182 2122 ,
227 2035 493 2118 interpellatores,
516 2033 572 2118 qui
594 2033 674 2098 mihi
696 2034 883 2118 plerumque
896 2036 950 2100 vix
972 2035 1012 2098 ad
1032 2055 1077 2118 ea,
1100 2056 1183 2119 quae
1311 2049 1312 2124 j

227 2122 408 2187 necessaria
441 2123 528 2204 sunt,
561 2121 638 2186 satis
670 2122 763 2186 vacui
798 2124 952 2206 temporis
988 2122 1182 2207 relinquunt.

228 2209 316 2275 Bene
338 2211 417 2293 vale,
441 2208 569 2274 Sacrate
592 2210 638 2273 mi
661 2210 789 2293 optime,
813 2211 1035 2293 eruditissime,
1057 2211 1182 2276 amieis-

229 2300 322 2382 sime,
351 2302 383 2364 et
405 2319 456 2362 me
484 2317 592 2362 amare
613 2317 720 2380 perge.
765 2315 819 2362 xv.
843 2299 914 2364 Kal.
937 2299 1029 2364 Febr.
1051 2316 1181 2364 mcxx.
1311 2283 1312 2350 Ῐ

228 2386 360 2453 Romae.

625 2491 772 2504 .-.----

639 2613 774 2680 XXXII.

425 2741 473 2815 M.
500 2740 741 2814 ANTONIUS
767 2739 991 2815 MURETUS

528 2875 712 2932 CORNELIO
732 2875 892 2932 VALERIO

676 2983 697 3026 S.
711 2983 739 3025 D.

298 3095 395 3160 Redit
422 3093 463 3158 ad
484 3097 517 3158 te
540 3093 668 3178 Lipsius
691 3097 778 3177 tuus,
807 3095 840 3157 et
861 3092 945 3156 redit
968 3112 1090 3178 magno
1112 3111 1185 3157 meo

233 3184 351 3248 dolore.
396 3181 447 3246 Ita
475 3181 560 3245 enim
581 3202 634 3246 me
656 3181 799 3246 devinxit
826 3181 888 3246 sibi
916 3181 1116 3264 praestantia
1136 3181 1186 3244 in-

234 3272 321 3357 genii
344 3276 377 3337 et
390 3269 562 3350 doctrinae,
584 3268 769 3354 integritate
782 3291 918 3354 morum,
942 3270 1098 3335 suavitate
1122 3289 1186 3334 ser-

234 3361 339 3426 monis
366 3380 404 3424 ac
431 3357 669 3422 consuetudinis
697 3379 786 3442 suae,
818 3361 855 3422 ut
888 3380 925 3423 eo
959 3358 1139 3424 discedente
1168 3379 1188 3422 a

234 3450 354 3512 memet
379 3448 450 3528 ipso
477 3445 558 3510 mihi
585 3445 678 3509 avelli
704 3447 835 3511 viderer.
880 3446 1019 3512 Felicem
1041 3450 1087 3531 te,
1110 3444 1186 3512 Oor-

235 3536 309 3616 neli,
332 3535 421 3599 cuius
435 3553 474 3596 ex
487 3533 654 3618 disciplina
675 3535 859 3600 adolescens
882 3539 950 3600 tam
964 3537 1029 3600 rari
1051 3536 1188 3619 exempli
