2656 3910
519 240 699 296 EPISTOLA
719 240 779 296 XV.
1088 238 1128 301 19

172 385 346 452 exercitum
367 387 507 470 regium,
533 384 657 471 pedites
681 384 842 466 concisos,
864 383 1043 467 equitatum
1066 382 1128 446 dis·

172 475 291 628 {zeti
314 471 808 627 {irritaretur
825 470 1129 641 biterrim·

613 610 622 644 ,
1121 607 1128 622 .

172 649 255 715 Mihi
279 613 389 734 breda,
419 649 542 715 habent
572 649 692 714 iustam
723 647 963 713 excusationem
993 646 1129 712 timoris.

172 737 259 804 Nam
282 759 353 804 mea
368 737 506 824 quidem,
528 741 565 801 ut
587 758 662 801 mox
676 736 796 821 audies,
818 757 886 801 non
908 734 1019 800 eadem
1033 756 1129 800 causa

174 829 236 910 est,
264 847 345 911 quae
372 829 561 892 ceterorum.
606 822 668 889 Sed
696 845 769 889 eum
790 823 843 889 hic
869 822 917 889 ita
940 823 1129 905 crederetur,

174 913 256 979 nihil
282 914 415 1000 propius
439 935 523 997 esse,
546 934 643 999 quam
666 915 703 977 ut
726 912 767 976 ad
793 911 878 977 hanc
901 912 1033 976 domum
1056 911 1130 974 diri-

174 1002 325 1085 piendam
351 1005 459 1066 turm'a
486 1001 595 1085 aliqua
621 1000 760 1064 militum
788 1002 980 1082 accurreret,
1007 998 1130 1064 theolo-

175 1109 235 1174 gus
262 1092 384 1171 noster,
406 1087 518 1172 hom0,
540 1091 578 1153 ut
605 1087 681 1171 scis,
708 1087 842 1150 minime
864 1086 1048 1169 bellicosus,
1076 1087 1131 1169 qui

175 1176 298 1242 videret
325 1175 386 1241 sibi
414 1176 568 1242 adversus
595 1175 668 1240 illos
694 1173 843 1240 homines
870 1174 952 1239 nihil
978 1174 1014 1238 in
1041 1173 1130 1239 theo·

175 1265 264 1352 logia
287 1286 345 1331 sua
371 1265 524 1350 praesidii
550 1264 634 1348 fore,
657 1267 778 1349 quanta
805 1263 945 1329 maxima
968 1263 1130 1327 celeritate

174 1353 295 1438 potuit,
326 1354 457 1439 collegit
489 1353 631 1419 sarcinas
662 1375 735 1418 suas
763 1355 797 1417 et
827 1353 890 1417 iter
919 1352 955 1416 in
982 1350 1131 1436 Belgium

176 1443 268 1526 cepit
314 1439 468 1508 (lumitati
498 1464 571 1507 eum
594 1444 671 1506 sunt
698 1441 831 1507 abbates
859 1441 936 1524 duo,
964 1460 1068 1524 neque
1092 1439 1130 1504 de

176 1529 215 1594 iis
239 1531 412 1615 quicquam
433 1534 546 1614 postea
569 1529 758 1594 audivimus.
795 1527 914 1613 Ceteri,
936 1532 973 1592 ut
996 1528 1076 1592 scire
1098 1529 1131 1590 te

175 1622 265 1704 puto,
278 1616 442 1682 Lutetiam
454 1618 556 1699 ibant,
579 1617 634 1682 sed
648 1637 721 1680 cum
743 1616 779 1678 in
798 1615 913 1680 itinere
928 1615 1028 1679 alium
1049 1636 1131 1678 nun·

175 1706 257 1770 tium
280 1704 494 1788 accepissent,
520 1705 583 1768 hue
605 1724 717 1767 omnes
744 1703 847 1766 multa
873 1703 939 1765 iarn
965 1705 1061 1766 nocte
1083 1724 1132 1766 re-

177 1793 313 1858 dierunt.
345 1791 418 1877 Ego
432 1791 531 1857 biduo
546 1793 621 1855 ante
635 1789 843 1855 Bellovacum
857 1788 1021 1874 profectus
1036 1812 1132 1873 eram,

178 1902 242 1963 quo
269 1901 321 1943 me
344 1878 524 1945 Cardinalis
551 1879 692 1943 miserat.
737 1876 789 1943 Ita
816 1883 925 1944 autem
952 1877 1021 1943 fors
1047 1879 1132 1962 tulit,

178 1969 215 2029 ut
236 1966 349 2030 eodem
371 1967 645 2066 planetemporis
668 1970 798 2050 puncto,
817 1989 880 2052 quo
903 1967 953 2031 illi
974 1967 1132 2068 redibant,

178 2051 558 2226 distillabit·
575 2051 1133 2226 abstitit.ababa

178 2229 322 2295 omnium
336 2228 451 2294 animis
466 2230 603 2294 multum
616 2229 702 2294 iuter
715 2249 849 2294 coenam
866 2229 1020 2320 risimusp
1031 2230 1132 2294 multa

177 2318 212 2382 iu
235 2339 299 2402 cos,
313 2319 369 2403 qui
389 2321 620 2402 remanserant,
642 2319 737 2402 plura
758 2317 871 2402 ineos,
895 2318 950 2402 qui
972 2317 1132 2403 fugerant,

176 2407 275 2472 iocati
303 2429 427 2492 sumus;
454 2429 580 2473 mecum
604 2428 715 2471 omnes
742 2407 905 2490 praeclare
933 2408 1039 2472 actum
1063 2428 1132 2471 esse

178 2494 337 2580 dicebant,
360 2496 415 2581 qui
439 2496 530 2581 quasi
553 2495 770 2580 prospicerem
792 2516 831 2559 ac
854 2495 1032 2560 divinarem
1055 2494 1132 2580 quid

177 2581 322 2648 futurum
353 2586 450 2667 esset,
481 2586 515 2648 et
544 2584 700 2669 fugissem
733 2582 773 2648 ab
806 2583 980 2648 acerbitate
1014 2584 1131 2667 prioris

176 2672 292 2754 nuntii,
315 2674 348 2736 et
361 2671 403 2737 ad
415 2671 602 2756 posterioris
620 2671 777 2736 laetitiam
792 2673 1009 2737 occurrissem.
1035 2671 1132 2737 Nunc

176 2759 229 2824 hio
257 2780 316 2845 ego
340 2761 374 2824 et
394 2758 509 2825 Petrus
536 2758 748 2826 Normesinus
776 2761 963 2826 suavissime
987 2760 1131 2843 vivimus,

177 2850 310 2932 venatu,
332 2847 481 2932 aucupio,
504 2849 629 2932 piscatu
651 2852 698 2932 et,
722 2849 808 2932 quod
831 2852 929 2932 caput
951 2851 1014 2931 est,
1037 2848 1131 2912 bonis

178 2935 393 3000 sermonibus:
416 2956 520 3019 neque
539 2936 631 3001 vobis
654 2936 843 3018 inridemus,
867 2957 947 3018 quos
970 2936 1043 2998 istic
1065 2957 1131 3000 arn-

177 3020 258 3087 bitio
282 3021 386 3086 aureis
409 3023 616 3105 compedibus
639 3023 789 3107 alligatos
811 3025 910 3085 tenet.
947 3020 1057 3086 Unum
1079 3044 1130 3087 me

177 3108 261 3175 male
287 3107 399 3193 habet,
429 3109 575 3194 theologi
606 3110 766 3174 absentia:
799 3131 894 3194 quem
922 3109 1066 3176 desidero
1098 3115 1132 3175 et

178 3201 214 3261 ut
236 3196 428 3283 discipulum
450 3197 604 3283 magister
626 3201 659 3262 et
681 3202 717 3262 ut
738 3200 930 3284 magistrum
948 3200 1130 3283 discipulus.

177 3282 299 3369 Operas
326 3286 413 3350 enim
443 3290 625 3370 permutare
652 3287 737 3352 inter
763 3309 824 3352 nos
847 3309 1067 3371 coeperamus,
1094 3291 1131 3350 ut
1239 3371 1243 3378 Ι

177 3392 238 3458 ego
261 3395 335 3439 eum
358 3373 497 3440 Graecas
518 3375 657 3459 litteras,
683 3375 752 3459 ipse
774 3396 826 3440 me
853 3375 1052 3476 tlreologiam
1075 3375 1130 3439 do-

177 3465 303 3615 itti,
315 3461 425 3635 bl&
445 3483 598 3635 titt
620 3463 936 3616 lssltttllutb
953 3463 1131 3616 {ltili

882 3652 918 3706 2*
