2658 3914
517 223 636 279 CAPUT
654 224 753 281 LXIII.
1044 223 1109 286 213

155 366 195 430 ad
217 366 371 430 virtutem
392 368 526 450 pronior
548 373 607 452 est,
629 372 720 432 extra
741 368 863 451 patrios
888 367 968 431 fines
990 387 1109 452 vagen-

154 454 240 518 tibus
281 459 415 519 externa
451 456 560 538 potius
598 456 678 520 vitia
712 457 977 540 importarentur,
1013 476 1110 538 quam

154 542 332 606 domestica
343 543 547 606 tollerentur:
561 543 648 608 huno
660 547 783 607 metum
795 544 898 626 ipsius
910 565 979 607 non
992 564 1110 606 vanum

154 630 268 712 fuisse,
291 630 370 694 satis
393 630 559 695 declarant
580 653 636 695 eae
659 634 786 716 gentes,
809 653 890 715 quae
916 652 989 696 cum
1008 631 1111 695 multa

155 718 283 782 saecula
308 718 505 801 floruissent,
537 720 685 783 nuncin
713 720 844 784 exitium
875 741 969 783 suum
999 740 1110 782 versae

154 806 333 889 peregrinis
354 806 463 889 potius
481 807 624 872 moribus
642 807 793 871 laborant
814 828 911 890 quam
937 806 1013 870 suis.
1049 805 1111 871 Sed

155 896 192 957 ut
222 915 273 957 me
306 894 347 958 ad
377 894 579 980 propositum
606 895 758 978 referam,
789 916 862 958 cum
894 897 927 957 et
957 893 1046 956 utilis
1079 897 1112 957 et

154 982 295 1045 iucunda
317 983 361 1046 sit
382 983 464 1046 bene
477 983 628 1047 instituta
648 982 880 1066 peregrinatio:
902 981 1111 1064 tranquillam

154 1074 265 1135 temen
296 1074 331 1134 et
361 1071 503 1154 quietam
534 1071 634 1134 vitam
666 1070 850 1134 amantibus
882 1069 970 1133 domi
1005 1068 1111 1131 vivere

154 1159 421 1224 iucundissimum
453 1162 511 1222 est
566 1153 666 1232 Οἶκος
697 1161 809 1240 φίλος,
841 1151 932 1232 οἶκος
976 1153 1113 1238 ἄριστος

156 1247 275 1310 dixisse
297 1247 344 1310 ait
364 1246 560 1312 testudinem
573 1243 764 1331 Aesopus¹).
800 1244 884 1320 Quid
906 1265 1003 1308 senex
1016 1240 1111 1329 ille2),

156 1355 199 1398 an
222 1336 363 1418 corporis
386 1335 486 1400 oculis
509 1337 622 1417 captus
644 1334 763 1418 nescio,
784 1334 902 1398 mentis
916 1335 1001 1397 certe
1019 1333 1111 1397 oculo

157 1423 314 1506 lynceus?

203 1567 298 1627 Οἴκοι
320 1561 478 1648 βέλτερον
500 1559 601 1644 εἶναι,
629 1560 697 1627 ἐπεὶ
720 1557 885 1646 βλαβερὸν
911 1556 948 1625 τὸ
971 1557 1112 1644 θύρηφι.

157 1703 285 1788 Ubique
317 1704 417 1786 enim,
448 1707 485 1767 ut
510 1703 601 1768 vafer
631 1703 760 1786 quidem
786 1706 819 1766 et
847 1702 1026 1784 improbus,
1057 1700 1113 1764 sed

157 1792 278 1875 politus
301 1796 335 1855 et
355 1793 497 1855 urbanus
521 1791 657 1876 scriptor
680 1791 727 1855 ait
747 1787 956 1875 Lucianus3),
980 1782 1112 1852 εὐκατα·

158 1876 340 1964 potamos·
361 1880 495 1964 πρᾶγμα
527 1873 544 1943 ὁ
574 1877 675 1956 ξένος.
727 1877 840 1964 Itaque
867 1877 903 1940 in
930 1876 987 1940 illa
1018 1897 1114 1939 aurea

159 1970 278 2046 aetate,
302 1967 330 2031 si
352 1989 417 2053 qua
437 1965 542 2050 politis
565 1968 652 2050 fides,
674 1987 769 2030 nemo
791 1965 1065 2050 peregrinabatur,

204 2109 361 2189 Nullaque
381 2107 525 2172 mmtzlas
546 2111 666 2189 praeter
686 2127 746 2172 sao
768 2107 873 2171 littora
893 2102 1048 2190 manu).

160 2247 319 2332 Equidem
341 2246 464 2312 afficior
489 2247 612 2312 intimis
635 2247 796 2330 sensibus,
822 2268 895 2310 eum
921 2245 1000 2309 illud
1023 2242 1115 2310 Clau·

161 2335 248 2400 diani
279 2335 466 2418 poemation
497 2337 583 2420 lego,
616 2357 679 2419 quo
711 2356 808 2399 senex
839 2335 892 2398 ille
919 2332 1115 2397 Veronensis

161 2423 363 2506 describitur,
390 2424 447 2508 qui
466 2445 633 2508 nunquam
656 2445 673 2487 e
695 2423 808 2507 patriis
836 2421 953 2487 finibus
976 2443 1115 2487 excesse-

160 2514 224 2576 rat:
249 2511 288 2574 de
311 2531 374 2594 quo
398 2532 471 2575 vere
494 2515 527 2574 et
549 2512 714 2596 eleganter
736 2511 820 2576 idem
842 2507 987 2595 poeta⁵):

205 2635 301 2698 Erret
321 2639 351 2698 et
370 2639 517 2699 actreows
538 2635 617 2698 alter
637 2640 788 2699 sacretur
809 2631 932 2699 Iberos:

250 2721 331 2787 Plus
351 2721 440 2786 habet
460 2722 509 2787 hic
530 2724 626 2786 atae:
643 2723 718 2804 plus
739 2723 828 2787 babet
848 2722 996 2786 illectae

163 2845 386 2929 praeclareque
408 2841 610 2929 Horatiae:

207 2966 326 3032 Rornae
349 2967 490 3032 wudetw
511 2966 604 3032 Chios
626 2971 654 3030 et
675 2964 785 3030 Samos
808 2969 837 3028 et
856 2963 980 3029 Rhodos
1002 2964 1117 3030 absens.

164 3086 235 3171 Sed,
256 3093 293 3153 ut
316 3089 403 3153 aliud
416 3110 455 3153 ex
469 3089 542 3170 alio,
565 3089 713 3172 quidest,
735 3087 820 3172 quod
842 3087 1036 3171 longinquas
1052 3087 1117 3150 sive

164 3177 258 3241 urbes
282 3177 348 3240 sive
370 3177 493 3250 insulas
516 3176 639 3239 laudari
662 3176 759 3260 iubet,
782 3175 869 3239 adire
883 3175 992 3239 vetat?
1024 3174 1118 3240 Certe

237 3401 257 3470 ¹)
275 3401 343 3456 aab.
364 3407 406 3456 79.
425 3401 469 3457 ed.
489 3401 646 3457 Schneider.
733 3401 754 3471 ¹)
772 3401 853 3456 Hom.
872 3401 967 3470 hymn.
985 3401 1015 3456 iu
1034 3401 1117 3456 Mero.

163 3487 190 3524 r.
209 3477 252 3525 36.
337 3466 360 3534 ⁸)
371 3471 476 3525 Lucius
485 3489 505 3526 s.
524 3472 600 3526 Asin.
618 3478 644 3526 4.
729 3473 750 3541 ⁴)
770 3471 850 3527 ovid.
868 3471 936 3527 Met.
954 3471 974 3525 I.
994 3477 1037 3526 96.

236 3542 257 3610 ⁶)
275 3541 372 3612 Epigr.
390 3541 489 3596 XXIX.
509 3549 551 3596 21.
570 3561 592 3596 s.
665 3541 685 3611 ⁸)
704 3541 794 3613 Epist.
813 3542 833 3597 Ι,
854 3549 895 3610 11,
915 3547 956 3595 21.
