2658 3914
510 253 629 308 CAPUT
648 255 721 308 XIX,

298 397 396 462 Aetas
412 402 581 480 parentum
598 399 687 480 peior
709 399 777 462 ovis
799 398 870 462 tulit

298 485 365 550 Nos
386 487 553 567 nequiores,
575 506 646 550 mox
668 487 795 550 daturos

296 571 479 656 Proycnicm
500 575 693 639 vitiosiorem.
776 597 779 602 ·

138 694 291 779 Princeps
320 699 428 760 autem
456 696 616 761 Homerus
643 699 694 761 tot
721 698 796 760 unte
828 694 963 760 saeculis
991 697 1090 758 mate·

138 783 219 845 riam
242 783 330 848 hisce
354 785 523 849 sententiis
552 785 691 867 dederat,
719 805 792 848 cum
820 782 1091 866 sapientissimam

139 870 232 934 dcam
259 871 491 942 introduxisset
518 873 686 954 dicentem,
715 893 834 955 paucos
856 871 939 935 filios
962 873 1091 954 patrum

139 957 259 1022 similes
282 960 429 1043 evadere,
453 960 626 1024 deteriores
649 960 832 1042 plerosque,
859 979 977 1041 paucos
1000 977 1091 1040 prce-

139 1045 311 1110 stantiores
327 1044 363 1132 1).

182 1169 317 1253 Παῦροι
341 1165 478 1251 γάρτοι
501 1169 617 1244 παῖδες
638 1164 749 1252 ὁμοῖοι
772 1165 870 1252 πατρὶ
893 1165 1060 1232 πέλονται·

184 1257 228 1320 Οἱ
248 1254 384 1334 πλέονες
397 1260 542 1339 κακίους,
566 1257 688 1341 παῦροι
711 1255 751 1322 δέ
761 1279 796 1322 τε
813 1251 937 1339 πατρὸς
951 1249 1092 1339 ἀρείους.

492 1502 637 1570 CAPUT
659 1503 746 1568 XIX.

157 1638 397 1694 PROVERBIUM
415 1639 598 1705 QUODDAM
617 1640 664 1693 ΑΒ
683 1638 766 1693 ILLO
785 1637 994 1702 SCRIPTORE,
1013 1637 1075 1701 QUI

176 1708 254 1762 TAM
271 1709 400 1764 MULTA
417 1710 506 1763 ALIA
525 1708 714 1776 contusis,
737 1707 1056 1763 PRAETERMISSUM.

228 1850 350 1917 Multae
374 1873 411 1916 ac
433 1851 541 1916 variae
568 1850 716 1915 lectionis
742 1851 915 1933 hominem,
944 1851 998 1934 qui
1027 1872 1091 1914 me·

143 1940 244 2004 moria
266 1944 379 2004 nostra
402 1961 440 2002 ex
463 1940 627 2022 utriusque
649 1938 780 2023 linguae
799 1939 1007 2022 scriptoribus
1020 1941 1091 2002 tan·

141 2031 210 2090 tam
232 2028 298 2091 vim
321 2027 451 2111 collegit
472 2026 714 2112 proverbiorum
729 2024 765 2112 ²),
792 2027 903 2112 fugere
927 2026 1092 2110 quaedam,

141 2115 325 2198 etquidem
357 2114 475 2179 illustri
498 2115 532 2178 in
563 2114 676 2196 primis
707 2114 778 2178 loco
807 2115 882 2178 sita:
916 2115 1001 2199 quod
1024 2115 1091 2198 qui-

140 2204 213 2266 dem
247 2203 327 2268 mihi
354 2225 421 2268 non
450 2223 617 2287 nunquam
644 2224 701 2286 per
727 2202 829 2266 videri
856 2201 974 2266 mirum
1002 2203 1091 2266 solet.

140 2289 234 2376 Num,
262 2293 290 2356 si
318 2292 438 2357 omissa
465 2293 582 2372 essent,
609 2312 690 2374 quac
717 2292 767 2355 vel
796 2312 812 2354 e
840 2291 921 2354 raris
950 2290 1093 2372 inventu,

140 2381 192 2443 vel
226 2380 370 2444 obscuris
402 2383 436 2444 ct
466 2378 663 2464 ignobilibus
695 2379 786 2443 libris
821 2376 961 2462 petenda
992 2381 1092 2459 erant

141 2466 247 2530 minus
270 2468 387 2531 mirum
415 2468 514 2532 foret:
542 2470 576 2530 at
604 2488 680 2532 vero
707 2468 882 2550 praeterita
905 2487 983 2550 esse,
1011 2487 1092 2550 quae

142 2557 175 2616 et
197 2554 231 2616 in
254 2557 406 2638 promptu
423 2555 530 2638 posita
544 2557 620 2619 sunt
642 2558 675 2618 ct
697 2555 782 2638 apud
799 2555 1092 2638 praestantissimos

143 2644 288 2706 auctores
311 2643 472 2727 leguntur,
494 2643 528 2707 id
549 2664 624 2708 vero
638 2643 764 2727 iustam,
787 2647 824 2707 ut
846 2643 970 2727 opinor,
993 2643 1091 2706 admi-

140 2730 299 2795 rationem
328 2730 435 2794 habet.
480 2730 531 2795 Ex
559 2731 621 2796 hoc
652 2753 785 2795 numero
809 2735 870 2812 est,
898 2731 983 2813 quod
1007 2730 1092 2812 apud

143 2816 329 2883 Ciceronem
351 2819 478 2902 legitur,
499 2819 657 2899 familiam
679 2821 793 2882 discere.
838 2818 887 2881 Eo
911 2818 997 2880 enim
1019 2839 1091 2900 prc-

142 2905 251 2967 verbio
264 2906 362 2970 homo
378 2906 657 2988 eloquentissimus
671 2907 782 2986 utitur,
801 2926 872 2968 cum
885 2904 1092 2986 praecipuum

143 2990 263 3072 aliquid
287 2991 456 3075 significat,
479 2993 626 3076 quodque
640 2992 818 3074 principem
840 2991 875 3054 in
893 3012 926 3054 re
942 2991 1091 3075 quapiam

143 3078 289 3141 obtineat
310 3079 425 3143 locum.
470 3077 533 3143 'Per
555 3083 662 3144 autem
685 3079 719 3142 id
741 3100 791 3142 me
819 3079 924 3162 legere
951 3078 1092 3142 memini.

142 3165 284 3230 Primum
321 3166 357 3229 in
390 3165 540 3251 epistola,
577 3188 641 3250 qua
672 3164 706 3232 C.
744 3165 930 3230 Trebatium
962 3165 1092 3230 Testem

142 3254 347 3318 commendat
369 3251 499 3319 Caesari
513 3251 549 3340 ⁸).
594 3252 679 3319 Nam
702 3276 775 3319 cum
798 3275 869 3319 eum
892 3254 1002 3320 multis
1025 3256 1092 3319 luu-

215 3427 235 3496 ¹)
254 3427 304 3483 Od.
324 3429 359 3482 11.
378 3433 439 3485 2¹16.

214 3497 235 3568 Ι)
253 3498 426 3553 Desiderium
440 3498 510 3554 dicit
522 3500 676 3555 Erasmum.

213 3567 235 3637 ¹)
252 3569 329 3625 Fam.
348 3568 407 3624 VII.
428 3575 452 3623 ὁ.
471 3575 496 3623 3.
