2656 3910
231 169 272 233 72
566 166 746 222 EPISTOLA
764 167 847 224 LVII.

226 313 288 378 sibi
305 334 373 378 non
390 313 525 396 placere,
547 332 660 396 meque
679 333 736 396 per
754 312 840 377 viros
854 331 980 376 summa
993 313 1196 378 auctoritate

226 401 391 485 praeditos
401 399 596 465 monendum
605 399 772 483 curaverit,
785 420 826 462 na
837 421 876 463 ex
884 400 963 464 urbe
973 400 1192 486 discederem3

227 490 291 554 sibi
326 509 420 552 curae
457 486 539 571 fore,
575 490 612 552 ut
643 507 683 550 ne
714 488 750 551 in
781 487 860 551 urbe
893 487 1042 553 deteriori
1074 490 1191 553 condi-

226 577 316 642 tione
339 596 451 658 essem,
474 596 571 659 quarn
590 595 670 658 quae
689 574 769 638 mihi
788 575 824 637 in
842 573 979 640 Polonia
997 576 1188 642 deferretur.

228 663 314 740 Quin
343 663 442 728 etiam
469 663 509 726 ad
539 663 789 747 quingentorum
816 683 985 728 aureorum
1011 685 1190 729 rumorum

228 751 431 835 stipendium,
455 750 540 834 quod
558 751 638 814 mihi
655 751 721 815 iam
739 750 863 833 pridem
880 751 1092 816 constitutum
1106 757 1190 835 erat,

228 840 338 904 statim
366 839 519 904 ducentos
546 839 641 903 adiici
666 838 773 921 iussit,
800 838 1027 922 mandavitque
1049 837 1188 904 Datario

229 950 286 992 suo
294 924 329 1011 ¹),
351 927 456 1010 primo
476 946 602 1010 quoque
620 930 764 1008 tempore
784 927 1022 1011 quoquomodo
1036 927 1189 1010 efficeret,

228 1019 264 1080 ut
301 1014 429 1080 aliunde
465 1014 546 1078 mihi
580 1013 715 1078 trecenti
756 1013 845 1077 aurei
882 1015 973 1078 numi
1009 1015 1188 1099 quotannis

229 1104 451 1186 penderentur.
488 1101 540 1166 lla
560 1123 595 1166 re
617 1101 739 1165 factum
762 1102 820 1184 est,
842 1104 878 1165 ut
901 1103 1030 1167 coactus
1051 1103 1112 1166 sim
1132 1103 1186 1166 de-

229 1211 347 1274 ponere
371 1189 554 1271 consilium,
581 1189 667 1274 quod
689 1210 850 1272 ceperam,
876 1189 1026 1253 veniendi
1049 1190 1187 1254 advos:

230 1299 249 1341 a
272 1299 350 1362 quo,
371 1298 414 1340 ne
435 1276 549 1359 vivam,
573 1277 601 1342 si
624 1298 675 1340 me
698 1276 762 1339 alia
784 1277 924 1340 uliares
948 1299 1045 1362 quam
1068 1279 1187 1343 summi

230 1364 395 1430 Pontificis
413 1364 562 1428 voluntas
581 1365 677 1448 atque
697 1364 870 1429 auctoritas
890 1365 1045 1430 abducere
1063 1365 1187 1449 potuis-

230 1456 287 1518 set
322 1451 460 1536 Interea,
483 1452 581 1516 etiam
598 1455 724 1516 tacente
741 1473 802 1534 me,
825 1453 918 1517 facile
937 1474 1048 1517 omnes
1066 1453 1188 1538 vident,

230 1544 386 1626 quantum
406 1540 609 1606 serenissimo
624 1562 662 1605 ao
675 1540 900 1623 potentissimo
913 1539 997 1625 Regi
1012 1539 1188 1624 Stephano,
1297 1529 1298 1546 ¹

231 1632 386 1714 quantum
413 1628 486 1712 tibi,
515 1627 657 1693 Zamosci
679 1628 868 1711 clarissime,
896 1628 1039 1693 debeam.
1082 1625 1188 1693 Vobis

231 1718 325 1800 enim,
346 1717 410 1782 nisi
432 1718 527 1800 plane
544 1717 691 1801 ingratus
710 1716 780 1798 sim,
802 1715 886 1780 hanc
903 1718 971 1780 tam
989 1716 1186 1780 luculentam

231 1806 433 1869 fortunarum
466 1825 610 1869 mearum
643 1803 858 1868 accessionem
889 1807 1053 1886 acceptam
1084 1804 1187 1868 feram

231 1912 360 1955 necesse
387 1895 444 1956 est.
490 1891 607 1974 Quare,
635 1890 711 1955 dum
738 1890 859 1975 vivam,
887 1912 939 1954 me
966 1890 1092 1975 utrique
1114 1893 1187 1956 tan·

231 1983 302 2042 turn
324 1978 437 2042 debere
461 1978 564 2042 fatear
588 1981 723 2062 oportet,
746 1982 903 2062 quantum
926 1980 966 2042 ab
984 1979 1114 2043 homine
1132 1979 1187 2044 de·

231 2066 300 2131 beri
328 2065 452 2131 homini
480 2067 654 2150 plurimum
680 2068 797 2149 potest.
847 2065 877 2129 A
904 2069 936 2129 te
964 2067 1062 2130 etiam
1089 2069 1188 2150 atque

232 2154 329 2219 etiam
351 2157 435 2238 peto,
458 2158 495 2218 ut
515 2154 596 2218 mihi
613 2153 741 2218 veniam
759 2175 779 2216 a
797 2154 1000 2218 serenissimo
1019 2154 1108 2240 Rege
1126 2154 1186 2218 im·

231 2246 347 2328 patres,
368 2243 491 2325 tibique
508 2241 710 2324 persuadeas,
734 2241 761 2304 si
779 2242 880 2305 ullum
899 2243 1024 2325 tempus
1043 2263 1187 2325 unquam

232 2331 367 2412 eveniat,
389 2333 426 2392 ut
443 2349 494 2392 me
512 2329 612 2392 vitam
630 2328 735 2411 ipsam
751 2329 802 2392 vel
819 2351 879 2412 pro
892 2328 1061 2394 Maiestate
1074 2329 1188 2413 ipsius,

231 2418 283 2482 vel
304 2438 363 2501 pro
385 2419 451 2497 tua,
475 2415 648 2480 clarissime
666 2414 820 2499 Zamosoi,
844 2416 1001 2502 dignitate
1023 2417 1058 2482 in
1076 2417 1187 2481 discri-

232 2525 306 2569 men
341 2523 498 2586 exponere
528 2504 688 2587 oporteat,
719 2504 841 2568 nemini
869 2525 921 2568 me
951 2526 1188 2590 concessurum,
1297 2573 1298 2582 ,

233 2592 288 2676 qui
318 2591 352 2655 id
382 2590 561 2674 promptius
590 2594 646 2654 aut
671 2591 786 2656 maiori
813 2591 922 2657 animo
945 2591 1050 2656 iaciat
1096 2591 1188 2659 Vale.
1297 2637 1298 2644 κ

232 2680 363 2744 Romae.
385 2677 519 2742 Kalend.
542 2676 709 2743 Decembr.
729 2696 908 2744 nnnxxvn.

307 2906 326 2976 ¹)
340 2905 487 2972 Dctoriuc,
502 2905 551 2974 qui
564 2905 674 2976 praeest
687 2904 869 2960 cancellariae
882 2905 1037 2975 pontificali
1046 2904 1190 2970 (Kanelat-

233 2978 368 3046 ds'reetor).
406 2977 479 3031 Nam
503 2976 613 3030 datoris
636 2975 739 3030 dicitur
756 2976 862 3030 Romae
885 2975 974 3043 ouria,
997 2973 1027 3028 in
1046 2991 1102 3043 qua
1119 2992 1189 3044 pon·

233 3049 316 3105 tificis
335 3047 447 3103 nomine
467 3063 530 3101 oum
549 3046 622 3100 aliae
636 3045 748 3101 litterae
761 3044 969 3115 perscribuntur
983 3046 1012 3098 et
1025 3044 1191 3114 consignan-

234 3123 288 3187 tur,
306 3122 367 3175 tum
385 3117 523 3172 beneficia
539 3132 589 3185 per
607 3116 716 3172 litteras
734 3116 944 3186 promittuntur.
980 3114 1076 3184 Kraft.

631 3327 790 3340 ...ι-
