<?xml version="1.0" encoding="UTF-8"?>
<!DOCTYPE html PUBLIC "-//W3C//DTD XHTML 1.0 Transitional//EN"
    "http://www.w3.org/TR/xhtml1/DTD/xhtml1-transitional.dtd">
<html xmlns="http://www.w3.org/1999/xhtml" xml:lang="en" lang="en">
 <head>
  <title>
</title>
<meta http-equiv="Content-Type" content="text/html;charset=utf-8" />
  <meta name='ocr-system' content='tesseract 3.04.00' />
  <meta name='ocr-capabilities' content='ocr_page ocr_carea ocr_par ocr_line ocrx_word'/>
</head>
<body>
  <div class='ocr_page' id='page_1' title='image "./scriptaselecta01muregoog_0124.png"; bbox 0 0 2658 3914; ppageno 0'>
   <div class='ocr_carea' id='block_1_1' title="bbox 514 209 1097 273">
    <p class='ocr_par' dir='ltr' id='par_1_1' title="bbox 514 209 1097 273">
     <span class='ocr_line' id='line_1_1' title="bbox 514 209 1097 273; baseline 0.003 -10"><span class='ocrx_word' id='word_1_1' title='bbox 514 209 729 266; x_wconf 77' lang='lat' dir='ltr'><strong>PRAEFATIO.</strong></span> <span class='ocrx_word' id='word_1_2' title='bbox 1036 209 1097 273; x_wconf 77' lang='grc'><strong>117</strong></span> 
     </span>
    </p>
   </div>
   <div class='ocr_carea' id='block_1_2' title="bbox 147 353 1100 614">
    <p class='ocr_par' dir='ltr' id='par_1_2' title="bbox 147 353 1100 614">
     <span class='ocr_line' id='line_1_2' title="bbox 147 353 1100 440; baseline -0.002 -20"><span class='ocrx_word' id='word_1_3' title='bbox 147 375 275 440; x_wconf 88' lang='lat' dir='ltr'><strong>graves,</strong></span> <span class='ocrx_word' id='word_1_4' title='bbox 299 357 371 419; x_wconf 87' lang='lat' dir='ltr'><strong>tam</strong></span> <span class='ocrx_word' id='word_1_5' title='bbox 397 353 590 436; x_wconf 80' lang='lat' dir='ltr'><strong>multiplices</strong></span> <span class='ocrx_word' id='word_1_6' title='bbox 618 373 724 437; x_wconf 88' lang='lat' dir='ltr'><strong>ouras,</strong></span> <span class='ocrx_word' id='word_1_7' title='bbox 750 356 919 437; x_wconf 76' lang='lat' dir='ltr'><strong>tantopere</strong></span> <span class='ocrx_word' id='word_1_8' title='bbox 946 354 987 418; x_wconf 83' lang='lat' dir='ltr'><strong>ad</strong></span> <span class='ocrx_word' id='word_1_9' title='bbox 1012 357 1100 418; x_wconf 88' lang='lat' dir='ltr'><strong>tran-</strong></span> 
     </span>
     <span class='ocr_line' id='line_1_3' title="bbox 148 441 1100 529; baseline -0.002 -21"><span class='ocrx_word' id='word_1_10' title='bbox 148 443 340 527; x_wconf 85' lang='lat' dir='ltr'><strong>quillitatem</strong></span> <span class='ocrx_word' id='word_1_11' title='bbox 363 441 554 529; x_wconf 57' lang='lat' dir='ltr'><strong>adsalutem</strong></span> <span class='ocrx_word' id='word_1_12' title='bbox 577 441 739 526; x_wconf 83' lang='lat' dir='ltr'>publicam</span> <span class='ocrx_word' id='word_1_13' title='bbox 761 441 973 526; x_wconf 85' lang='lat' dir='ltr'><strong>pertinentes,</strong></span> <span class='ocrx_word' id='word_1_14' title='bbox 996 443 1100 526; x_wconf 89' lang='lat' dir='ltr'><strong>quoti·</strong></span> 
     </span>
     <span class='ocr_line' id='line_1_4' title="bbox 149 529 1100 614; baseline 0 -20"><span class='ocrx_word' id='word_1_15' title='bbox 149 531 199 594; x_wconf 90' lang='lat' dir='ltr'><strong>die</strong></span> <span class='ocrx_word' id='word_1_16' title='bbox 225 535 337 595; x_wconf 87' lang='lat' dir='ltr'><strong>tamen</strong></span> <span class='ocrx_word' id='word_1_17' title='bbox 364 529 485 614; x_wconf 87' lang='lat' dir='ltr'><strong>aliquid</strong></span> <span class='ocrx_word' id='word_1_18' title='bbox 512 531 666 614; x_wconf 87' lang='lat' dir='ltr'><strong>temporis</strong></span> <span class='ocrx_word' id='word_1_19' title='bbox 692 530 807 593; x_wconf 88' lang='lat' dir='ltr'><strong>harum</strong></span> <span class='ocrx_word' id='word_1_20' title='bbox 839 530 956 594; x_wconf 87' lang='lat' dir='ltr'><strong>artium</strong></span> <span class='ocrx_word' id='word_1_21' title='bbox 983 532 1100 594; x_wconf 87' lang='lat' dir='ltr'><strong>tracta-</strong></span> 
     </span>
    </p>
   </div>
   <div class='ocr_carea' id='block_1_3' title="bbox 9 616 1101 702">
    <p class='ocr_par' dir='ltr' id='par_1_3' title="bbox 9 616 1101 702">
     <span class='ocr_line' id='line_1_5' title="bbox 9 616 1101 702; baseline 0.001 -21"><span class='ocrx_word' id='word_1_22' title='bbox 9 621 13 636; x_wconf 64' lang='lat'>*</span> <span class='ocrx_word' id='word_1_23' title='bbox 148 617 230 682; x_wconf 88' lang='lat' dir='ltr'><strong>tioni</strong></span> <span class='ocrx_word' id='word_1_24' title='bbox 252 619 393 683; x_wconf 86' lang='lat' dir='ltr'><strong>tribuere</strong></span> <span class='ocrx_word' id='word_1_25' title='bbox 415 617 601 683; x_wconf 84' lang='lat' dir='ltr'><strong>videamus?</strong></span> <span class='ocrx_word' id='word_1_26' title='bbox 636 616 798 682; x_wconf 85' lang='lat' dir='ltr'><strong>Nimirum</strong></span> <span class='ocrx_word' id='word_1_27' title='bbox 827 621 860 682; x_wconf 88' lang='lat' dir='ltr'><strong>et</strong></span> <span class='ocrx_word' id='word_1_28' title='bbox 881 618 1101 702; x_wconf 88' lang='lat' dir='ltr'><strong>unusquisque</strong></span> 
     </span>
    </p>
   </div>
   <div class='ocr_carea' id='block_1_4' title="bbox 148 706 1155 3511">
    <p class='ocr_par' dir='ltr' id='par_1_4' title="bbox 148 706 1155 3246">
     <span class='ocr_line' id='line_1_6' title="bbox 150 706 1102 791; baseline 0 -22"><span class='ocrx_word' id='word_1_29' title='bbox 150 708 297 770; x_wconf 87' lang='lat' dir='ltr'><strong>nostrum</strong></span> <span class='ocrx_word' id='word_1_30' title='bbox 314 709 448 772; x_wconf 87' lang='lat' dir='ltr'><strong>naturae</strong></span> <span class='ocrx_word' id='word_1_31' title='bbox 472 728 556 791; x_wconf 78' lang='lat' dir='ltr'><strong>auae,</strong></span> <span class='ocrx_word' id='word_1_32' title='bbox 579 709 616 771; x_wconf 90' lang='lat' dir='ltr'><strong>ut</strong></span> <span class='ocrx_word' id='word_1_33' title='bbox 638 706 685 770; x_wconf 88' lang='lat' dir='ltr'><strong>ait</strong></span> <span class='ocrx_word' id='word_1_34' title='bbox 706 709 804 790; x_wconf 68' lang='lat' dir='ltr'><strong>poeta</strong></span> <span class='ocrx_word' id='word_1_35' title='bbox 818 707 955 791; x_wconf 88' lang='lat' dir='ltr'><strong>quidam,</strong></span> <span class='ocrx_word' id='word_1_36' title='bbox 979 707 1102 770; x_wconf 87' lang='lat' dir='ltr'><strong>semina</strong></span> 
     </span>
     <span class='ocr_line' id='line_1_7' title="bbox 150 793 1103 879; baseline -0.001 -22"><span class='ocrx_word' id='word_1_37' title='bbox 150 793 308 878; x_wconf 88' lang='lat' dir='ltr'><strong>sequitur:</strong></span> <span class='ocrx_word' id='word_1_38' title='bbox 340 797 374 859; x_wconf 89' lang='lat' dir='ltr'><strong>et</strong></span> <span class='ocrx_word' id='word_1_39' title='bbox 404 796 595 879; x_wconf 80' lang='lat' dir='ltr'><strong>quibuscum</strong></span> <span class='ocrx_word' id='word_1_40' title='bbox 627 794 681 858; x_wconf 89' lang='lat' dir='ltr'><strong>diu</strong></span> <span class='ocrx_word' id='word_1_41' title='bbox 713 815 751 858; x_wconf 87' lang='lat' dir='ltr'><strong>ae</strong></span> <span class='ocrx_word' id='word_1_42' title='bbox 781 794 985 859; x_wconf 78' lang='lat' dir='ltr'><strong>familiariter</strong></span> <span class='ocrx_word' id='word_1_43' title='bbox 1014 794 1103 877; x_wconf 87' lang='lat' dir='ltr'><strong>vixit,</strong></span> 
     </span>
     <span class='ocr_line' id='line_1_8' title="bbox 149 881 1103 948; baseline 0 -3"><span class='ocrx_word' id='word_1_44' title='bbox 149 903 259 947; x_wconf 88' lang='lat' dir='ltr'><strong>eorum</strong></span> <span class='ocrx_word' id='word_1_45' title='bbox 282 903 389 948; x_wconf 88' lang='lat' dir='ltr'><strong>mores</strong></span> <span class='ocrx_word' id='word_1_46' title='bbox 412 887 446 947; x_wconf 86' lang='lat' dir='ltr'><strong>et</strong></span> <span class='ocrx_word' id='word_1_47' title='bbox 466 883 617 948; x_wconf 83' lang='lat' dir='ltr'><strong>instituta</strong></span> <span class='ocrx_word' id='word_1_48' title='bbox 639 882 767 947; x_wconf 90' lang='lat' dir='ltr'><strong>vivendi</strong></span> <span class='ocrx_word' id='word_1_49' title='bbox 789 882 883 946; x_wconf 87' lang='lat' dir='ltr'><strong>facile</strong></span> <span class='ocrx_word' id='word_1_50' title='bbox 906 903 943 946; x_wconf 86' lang='lat' dir='ltr'><strong>ac</strong></span> <span class='ocrx_word' id='word_1_51' title='bbox 964 881 1103 945; x_wconf 86' lang='lat' dir='ltr'><strong>libenter</strong></span> 
     </span>
     <span class='ocr_line' id='line_1_9' title="bbox 148 969 1102 1052; baseline -0.001 -19"><span class='ocrx_word' id='word_1_52' title='bbox 148 971 303 1035; x_wconf 84' lang='lat' dir='ltr'><strong>imitatur.</strong></span> <span class='ocrx_word' id='word_1_53' title='bbox 348 971 393 1034; x_wconf 78' lang='lat' dir='ltr'><strong>Te</strong></span> <span class='ocrx_word' id='word_1_54' title='bbox 415 992 492 1036; x_wconf 89' lang='lat' dir='ltr'><strong>vero</strong></span> <span class='ocrx_word' id='word_1_55' title='bbox 515 992 588 1035; x_wconf 90' lang='lat' dir='ltr'><strong>cum</strong></span> <span class='ocrx_word' id='word_1_56' title='bbox 611 971 715 1034; x_wconf 89' lang='lat' dir='ltr'><strong>omnis</strong></span> <span class='ocrx_word' id='word_1_57' title='bbox 738 969 916 1034; x_wconf 89' lang='lat' dir='ltr'><strong>honestatis</strong></span> <span class='ocrx_word' id='word_1_58' title='bbox 940 990 977 1033; x_wconf 88' lang='lat' dir='ltr'><strong>ac</strong></span> <span class='ocrx_word' id='word_1_59' title='bbox 1000 969 1102 1052; x_wconf 90' lang='lat' dir='ltr'><strong>digni-</strong></span> 
     </span>
     <span class='ocr_line' id='line_1_10' title="bbox 148 1057 1103 1141; baseline -0.003 -19"><span class='ocrx_word' id='word_1_60' title='bbox 148 1058 228 1122; x_wconf 88' lang='lat' dir='ltr'><strong>tatis</strong></span> <span class='ocrx_word' id='word_1_61' title='bbox 255 1058 527 1139; x_wconf 86' lang='lat' dir='ltr'><strong>amantissimum,</strong></span> <span class='ocrx_word' id='word_1_62' title='bbox 554 1058 711 1140; x_wconf 92' lang='lat' dir='ltr'><strong>omnium,</strong></span> <span class='ocrx_word' id='word_1_63' title='bbox 739 1078 821 1141; x_wconf 91' lang='lat' dir='ltr'><strong>quae</strong></span> <span class='ocrx_word' id='word_1_64' title='bbox 849 1057 889 1120; x_wconf 88' lang='lat' dir='ltr'><strong>ad</strong></span> <span class='ocrx_word' id='word_1_65' title='bbox 917 1077 1103 1140; x_wconf 89' lang='lat' dir='ltr'><strong>comparan-</strong></span> 
     </span>
     <span class='ocr_line' id='line_1_11' title="bbox 150 1144 1104 1228; baseline -0.002 -18"><span class='ocrx_word' id='word_1_66' title='bbox 150 1147 225 1210; x_wconf 90' lang='lat' dir='ltr'><strong>dam</strong></span> <span class='ocrx_word' id='word_1_67' title='bbox 256 1165 365 1210; x_wconf 85' lang='lat' dir='ltr'><strong>veram</strong></span> <span class='ocrx_word' id='word_1_68' title='bbox 397 1166 435 1209; x_wconf 89' lang='lat' dir='ltr'><strong>ac</strong></span> <span class='ocrx_word' id='word_1_69' title='bbox 466 1144 602 1209; x_wconf 89' lang='lat' dir='ltr'><strong>solidam</strong></span> <span class='ocrx_word' id='word_1_70' title='bbox 633 1145 769 1228; x_wconf 92' lang='lat' dir='ltr'><strong>gloriam</strong></span> <span class='ocrx_word' id='word_1_71' title='bbox 800 1145 976 1228; x_wconf 86' lang='lat' dir='ltr'><strong>pertinent,</strong></span> <span class='ocrx_word' id='word_1_72' title='bbox 1009 1165 1104 1228; x_wconf 79' lang='lat' dir='ltr'><strong>appe·</strong></span> 
     </span>
     <span class='ocr_line' id='line_1_12' title="bbox 149 1231 1104 1316; baseline -0.002 -18"><span class='ocrx_word' id='word_1_73' title='bbox 149 1233 369 1298; x_wconf 90' lang='lat' dir='ltr'><strong>tentissimum</strong></span> <span class='ocrx_word' id='word_1_74' title='bbox 404 1235 521 1297; x_wconf 83' lang='lat' dir='ltr'><strong>natma</strong></span> <span class='ocrx_word' id='word_1_75' title='bbox 557 1233 735 1316; x_wconf 81' lang='lat' dir='ltr'><strong>genuisset:</strong></span> <span class='ocrx_word' id='word_1_76' title='bbox 780 1236 951 1298; x_wconf 84' lang='lat' dir='ltr'><strong>consecuta</strong></span> <span class='ocrx_word' id='word_1_77' title='bbox 991 1231 1104 1296; x_wconf 89' lang='lat' dir='ltr'><strong>deinde</strong></span> 
     </span>
     <span class='ocr_line' id='line_1_13' title="bbox 150 1318 1104 1405; baseline -0.001 -20"><span class='ocrx_word' id='word_1_78' title='bbox 150 1321 314 1386; x_wconf 87' lang='lat' dir='ltr'><strong>Francisci</strong></span> <span class='ocrx_word' id='word_1_79' title='bbox 336 1319 473 1403; x_wconf 88' lang='lat' dir='ltr'><strong>Valesii,</strong></span> <span class='ocrx_word' id='word_1_80' title='bbox 504 1318 680 1385; x_wconf 83' lang='lat' dir='ltr'><strong>Galliarum</strong></span> <span class='ocrx_word' id='word_1_81' title='bbox 702 1320 801 1405; x_wconf 86' lang='lat' dir='ltr'><strong>Regis</strong></span> <span class='ocrx_word' id='word_1_82' title='bbox 833 1321 948 1405; x_wconf 89' lang='lat' dir='ltr'><strong>optimi</strong></span> <span class='ocrx_word' id='word_1_83' title='bbox 979 1341 1016 1385; x_wconf 87' lang='lat' dir='ltr'><strong>ac</strong></span> <span class='ocrx_word' id='word_1_84' title='bbox 1038 1342 1104 1384; x_wconf 91' lang='lat' dir='ltr'><strong>ma-</strong></span> 
     </span>
     <span class='ocr_line' id='line_1_14' title="bbox 151 1408 1105 1492; baseline 0 -20"><span class='ocrx_word' id='word_1_85' title='bbox 151 1409 244 1491; x_wconf 84' lang='lat' dir='ltr'><strong>ximi,</strong></span> <span class='ocrx_word' id='word_1_86' title='bbox 279 1408 395 1472; x_wconf 88' lang='lat' dir='ltr'><strong>intima</strong></span> <span class='ocrx_word' id='word_1_87' title='bbox 424 1409 495 1492; x_wconf 87' lang='lat' dir='ltr'><strong>illa,</strong></span> <span class='ocrx_word' id='word_1_88' title='bbox 527 1431 590 1492; x_wconf 91' lang='lat' dir='ltr'><strong>qua</strong></span> <span class='ocrx_word' id='word_1_89' title='bbox 620 1412 672 1473; x_wconf 90' lang='lat' dir='ltr'><strong>tot</strong></span> <span class='ocrx_word' id='word_1_90' title='bbox 704 1429 807 1474; x_wconf 86' lang='lat' dir='ltr'><strong>annos</strong></span> <span class='ocrx_word' id='word_1_91' title='bbox 838 1431 915 1473; x_wconf 91' lang='lat' dir='ltr'><strong>usus</strong></span> <span class='ocrx_word' id='word_1_92' title='bbox 953 1429 1000 1492; x_wconf 79' lang='lat' dir='ltr'><strong>ea,</strong></span> <span class='ocrx_word' id='word_1_93' title='bbox 1032 1430 1105 1473; x_wconf 88' lang='lat' dir='ltr'><strong>con·</strong></span> 
     </span>
     <span class='ocr_line' id='line_1_15' title="bbox 153 1496 1106 1581; baseline 0 -21"><span class='ocrx_word' id='word_1_94' title='bbox 153 1496 287 1561; x_wconf 89' lang='lat' dir='ltr'><strong>suetudo</strong></span> <span class='ocrx_word' id='word_1_95' title='bbox 310 1497 414 1581; x_wconf 88' lang='lat' dir='ltr'><strong>magis</strong></span> <span class='ocrx_word' id='word_1_96' title='bbox 438 1497 535 1561; x_wconf 87' lang='lat' dir='ltr'><strong>etiam</strong></span> <span class='ocrx_word' id='word_1_97' title='bbox 557 1497 705 1562; x_wconf 82' lang='lat' dir='ltr'><strong>incitavit</strong></span> <span class='ocrx_word' id='word_1_98' title='bbox 718 1497 759 1562; x_wconf 87' lang='lat' dir='ltr'><strong>ad</strong></span> <span class='ocrx_word' id='word_1_99' title='bbox 782 1498 910 1562; x_wconf 77' lang='lat' dir='ltr'><strong>easdem</strong></span> <span class='ocrx_word' id='word_1_100' title='bbox 932 1497 1005 1560; x_wconf 89' lang='lat' dir='ltr'><strong>illas</strong></span> <span class='ocrx_word' id='word_1_101' title='bbox 1028 1497 1106 1579; x_wconf 89' lang='lat' dir='ltr'><strong>vias,</strong></span> 
     </span>
     <span class='ocr_line' id='line_1_16' title="bbox 152 1584 1105 1669; baseline -0.001 -21"><span class='ocrx_word' id='word_1_102' title='bbox 152 1585 188 1649; x_wconf 91' lang='lat' dir='ltr'><strong>in</strong></span> <span class='ocrx_word' id='word_1_103' title='bbox 210 1606 290 1669; x_wconf 88' lang='lat' dir='ltr'><strong>quas</strong></span> <span class='ocrx_word' id='word_1_104' title='bbox 312 1584 384 1668; x_wconf 89' lang='lat' dir='ltr'><strong>ipsa</strong></span> <span class='ocrx_word' id='word_1_105' title='bbox 405 1587 438 1648; x_wconf 88' lang='lat' dir='ltr'><strong>te</strong></span> <span class='ocrx_word' id='word_1_106' title='bbox 460 1588 577 1648; x_wconf 89' lang='lat' dir='ltr'><strong>natura</strong></span> <span class='ocrx_word' id='word_1_107' title='bbox 590 1585 772 1666; x_wconf 84' lang='lat' dir='ltr'><strong>deduxerat,</strong></span> <span class='ocrx_word' id='word_1_108' title='bbox 796 1584 971 1648; x_wconf 82' lang='lat' dir='ltr'><strong>animosius</strong></span> <span class='ocrx_word' id='word_1_109' title='bbox 985 1587 1018 1646; x_wconf 88' lang='lat' dir='ltr'><strong>et</strong></span> <span class='ocrx_word' id='word_1_110' title='bbox 1032 1604 1105 1649; x_wconf 90' lang='lat' dir='ltr'><strong>eon·</strong></span> 
     </span>
     <span class='ocr_line' id='line_1_17' title="bbox 154 1670 1106 1756; baseline -0.002 -19"><span class='ocrx_word' id='word_1_111' title='bbox 154 1672 292 1737; x_wconf 77' lang='lat' dir='ltr'><strong>stantius</strong></span> <span class='ocrx_word' id='word_1_112' title='bbox 315 1671 561 1756; x_wconf 87' lang='lat' dir='ltr'><strong>persequendas.</strong></span> <span class='ocrx_word' id='word_1_113' title='bbox 596 1671 656 1735; x_wconf 90' lang='lat' dir='ltr'><strong>Ille</strong></span> <span class='ocrx_word' id='word_1_114' title='bbox 677 1672 825 1735; x_wconf 91' lang='lat' dir='ltr'><strong>homines</strong></span> <span class='ocrx_word' id='word_1_115' title='bbox 848 1670 989 1734; x_wconf 91' lang='lat' dir='ltr'><strong>eruditos</strong></span> <span class='ocrx_word' id='word_1_116' title='bbox 1012 1671 1053 1734; x_wconf 89' lang='lat' dir='ltr'><strong>ad</strong></span> <span class='ocrx_word' id='word_1_117' title='bbox 1072 1692 1106 1735; x_wconf 91' lang='lat' dir='ltr'><strong>se</strong></span> 
     </span>
     <span class='ocr_line' id='line_1_18' title="bbox 153 1757 1107 1842; baseline 0 -19"><span class='ocrx_word' id='word_1_118' title='bbox 153 1781 193 1824; x_wconf 84' lang='lat' dir='ltr'><strong>ex</strong></span> <span class='ocrx_word' id='word_1_119' title='bbox 225 1759 374 1825; x_wconf 91' lang='lat' dir='ltr'><strong>omnibus</strong></span> <span class='ocrx_word' id='word_1_120' title='bbox 406 1759 493 1824; x_wconf 89' lang='lat' dir='ltr'><strong>orbis</strong></span> <span class='ocrx_word' id='word_1_121' title='bbox 523 1761 681 1823; x_wconf 88' lang='lat' dir='ltr'><strong>terrarum</strong></span> <span class='ocrx_word' id='word_1_122' title='bbox 712 1759 873 1842; x_wconf 87' lang='lat' dir='ltr'><strong>partibus,</strong></span> <span class='ocrx_word' id='word_1_123' title='bbox 909 1757 1107 1842; x_wconf 90' lang='lat' dir='ltr'><strong>amplissima</strong></span> 
     </span>
     <span class='ocr_line' id='line_1_19' title="bbox 155 1846 1107 1930; baseline -0.001 -19"><span class='ocrx_word' id='word_1_124' title='bbox 155 1868 265 1912; x_wconf 90' lang='lat' dir='ltr'><strong>eorum</strong></span> <span class='ocrx_word' id='word_1_125' title='bbox 278 1847 455 1911; x_wconf 84' lang='lat' dir='ltr'><strong>industriae</strong></span> <span class='ocrx_word' id='word_1_126' title='bbox 468 1847 611 1930; x_wconf 89' lang='lat' dir='ltr'><strong>praemia</strong></span> <span class='ocrx_word' id='word_1_127' title='bbox 625 1850 780 1929; x_wconf 84' lang='lat' dir='ltr'><strong>statuens,</strong></span> <span class='ocrx_word' id='word_1_128' title='bbox 790 1846 997 1912; x_wconf 85' lang='lat' dir='ltr'><strong>convocabat.</strong></span> <span class='ocrx_word' id='word_1_129' title='bbox 1016 1846 1107 1912; x_wconf 89' lang='lat' dir='ltr'><strong>Idem</strong></span> 
     </span>
     <span class='ocr_line' id='line_1_20' title="bbox 155 1933 1108 2020; baseline -0.001 -21"><span class='ocrx_word' id='word_1_130' title='bbox 155 1935 234 1999; x_wconf 92' lang='lat' dir='ltr'><strong>illud</strong></span> <span class='ocrx_word' id='word_1_131' title='bbox 262 1936 442 2020; x_wconf 84' lang='lat' dir='ltr'><strong>exemplum</strong></span> <span class='ocrx_word' id='word_1_132' title='bbox 468 1934 653 2000; x_wconf 89' lang='lat' dir='ltr'><strong>iamdudum</strong></span> <span class='ocrx_word' id='word_1_133' title='bbox 679 1933 776 1999; x_wconf 84' lang='lat' dir='ltr'><strong>Italia</strong></span> <span class='ocrx_word' id='word_1_134' title='bbox 805 1937 838 1998; x_wconf 89' lang='lat' dir='ltr'><strong>te</strong></span> <span class='ocrx_word' id='word_1_135' title='bbox 865 1934 1006 1999; x_wconf 86' lang='lat' dir='ltr'><strong>maxima</strong></span> <span class='ocrx_word' id='word_1_136' title='bbox 1035 1956 1108 2000; x_wconf 90' lang='lat' dir='ltr'><strong>cum</strong></span> 
     </span>
     <span class='ocr_line' id='line_1_21' title="bbox 155 2022 1108 2107; baseline 0.001 -21"><span class='ocrx_word' id='word_1_137' title='bbox 155 2027 211 2086; x_wconf 77' lang='lat' dir='ltr'><strong>trra</strong></span> <span class='ocrx_word' id='word_1_138' title='bbox 232 2023 326 2087; x_wconf 88' lang='lat' dir='ltr'><strong>laude</strong></span> <span class='ocrx_word' id='word_1_139' title='bbox 349 2026 557 2088; x_wconf 89' lang='lat' dir='ltr'><strong>renovantem</strong></span> <span class='ocrx_word' id='word_1_140' title='bbox 580 2022 732 2087; x_wconf 90' lang='lat' dir='ltr'><strong>intuetur.</strong></span> <span class='ocrx_word' id='word_1_141' title='bbox 777 2022 830 2086; x_wconf 83' lang='lat' dir='ltr'><strong>Ad</strong></span> <span class='ocrx_word' id='word_1_142' title='bbox 857 2024 999 2107; x_wconf 82' lang='lat' dir='ltr'><strong>regalem</strong></span> <span class='ocrx_word' id='word_1_143' title='bbox 1021 2023 1108 2087; x_wconf 90' lang='lat' dir='ltr'><strong>illius</strong></span> 
     </span>
     <span class='ocr_line' id='line_1_22' title="bbox 155 2110 1108 2198; baseline -0.001 -23"><span class='ocrx_word' id='word_1_144' title='bbox 155 2131 300 2175; x_wconf 87' lang='lat' dir='ltr'><strong>mensam</strong></span> <span class='ocrx_word' id='word_1_145' title='bbox 321 2131 390 2176; x_wconf 93' lang='lat' dir='ltr'><strong>non</strong></span> <span class='ocrx_word' id='word_1_146' title='bbox 412 2111 513 2198; x_wconf 90' lang='lat' dir='ltr'><strong>ullum</strong></span> <span class='ocrx_word' id='word_1_147' title='bbox 536 2131 685 2175; x_wconf 85' lang='lat' dir='ltr'><strong>acroama</strong></span> <span class='ocrx_word' id='word_1_148' title='bbox 707 2113 764 2174; x_wconf 90' lang='lat' dir='ltr'><strong>aut</strong></span> <span class='ocrx_word' id='word_1_149' title='bbox 784 2110 939 2174; x_wconf 90' lang='lat' dir='ltr'><strong>libentius</strong></span> <span class='ocrx_word' id='word_1_150' title='bbox 962 2113 1018 2173; x_wconf 87' lang='lat' dir='ltr'><strong>aut</strong></span> <span class='ocrx_word' id='word_1_151' title='bbox 1041 2131 1108 2174; x_wconf 89' lang='lat' dir='ltr'><strong>sae·</strong></span> 
     </span>
     <span class='ocr_line' id='line_1_23' title="bbox 156 2197 1108 2282; baseline 0.001 -21"><span class='ocrx_word' id='word_1_152' title='bbox 156 2198 239 2281; x_wconf 89' lang='lat' dir='ltr'><strong>pius,</strong></span> <span class='ocrx_word' id='word_1_153' title='bbox 261 2221 358 2282; x_wconf 87' lang='lat' dir='ltr'><strong>quam</strong></span> <span class='ocrx_word' id='word_1_154' title='bbox 370 2219 434 2263; x_wconf 85' lang='lat' dir='ltr'><strong>vox</strong></span> <span class='ocrx_word' id='word_1_155' title='bbox 456 2198 591 2262; x_wconf 90' lang='lat' dir='ltr'><strong>alicuius</strong></span> <span class='ocrx_word' id='word_1_156' title='bbox 610 2198 726 2262; x_wconf 87' lang='lat' dir='ltr'><strong>eruditi</strong></span> <span class='ocrx_word' id='word_1_157' title='bbox 739 2197 888 2280; x_wconf 90' lang='lat' dir='ltr'><strong>hominis,</strong></span> <span class='ocrx_word' id='word_1_158' title='bbox 912 2197 1108 2262; x_wconf 87' lang='lat' dir='ltr'><strong>audiebatur.</strong></span> 
     </span>
     <span class='ocr_line' id='line_1_24' title="bbox 156 2285 1109 2371; baseline 0 -21"><span class='ocrx_word' id='word_1_159' title='bbox 156 2285 281 2369; x_wconf 81' lang='lat' dir='ltr'><strong>Epulae</strong></span> <span class='ocrx_word' id='word_1_160' title='bbox 304 2307 430 2370; x_wconf 90' lang='lat' dir='ltr'><strong>quoque</strong></span> <span class='ocrx_word' id='word_1_161' title='bbox 451 2289 527 2350; x_wconf 88' lang='lat' dir='ltr'><strong>tuae</strong></span> <span class='ocrx_word' id='word_1_162' title='bbox 544 2286 686 2371; x_wconf 90' lang='lat' dir='ltr'><strong>quotidie</strong></span> <span class='ocrx_word' id='word_1_163' title='bbox 708 2287 799 2350; x_wconf 89' lang='lat' dir='ltr'><strong>nulla</strong></span> <span class='ocrx_word' id='word_1_164' title='bbox 820 2307 854 2350; x_wconf 92' lang='lat' dir='ltr'><strong>re</strong></span> <span class='ocrx_word' id='word_1_165' title='bbox 877 2285 990 2370; x_wconf 88' lang='lat' dir='ltr'><strong>magis,</strong></span> <span class='ocrx_word' id='word_1_166' title='bbox 1013 2306 1109 2369; x_wconf 91' lang='lat' dir='ltr'><strong>quam</strong></span> 
     </span>
     <span class='ocr_line' id='line_1_25' title="bbox 157 2373 1109 2458; baseline 0 -21"><span class='ocrx_word' id='word_1_167' title='bbox 157 2373 355 2458; x_wconf 89' lang='lat' dir='ltr'><strong>gravissimis</strong></span> <span class='ocrx_word' id='word_1_168' title='bbox 378 2377 411 2438; x_wconf 88' lang='lat' dir='ltr'><strong>et</strong></span> <span class='ocrx_word' id='word_1_169' title='bbox 428 2374 663 2439; x_wconf 89' lang='lat' dir='ltr'><strong>honestissimis</strong></span> <span class='ocrx_word' id='word_1_170' title='bbox 685 2375 828 2440; x_wconf 86' lang='lat' dir='ltr'><strong>virorum</strong></span> <span class='ocrx_word' id='word_1_171' title='bbox 851 2374 997 2439; x_wconf 85' lang='lat' dir='ltr'><strong>doctrina</strong></span> <span class='ocrx_word' id='word_1_172' title='bbox 1018 2394 1109 2457; x_wconf 89' lang='lat' dir='ltr'><strong>prae·</strong></span> 
     </span>
     <span class='ocr_line' id='line_1_26' title="bbox 157 2461 1109 2547; baseline 0 -21"><span class='ocrx_word' id='word_1_173' title='bbox 157 2462 314 2526; x_wconf 88' lang='lat' dir='ltr'><strong>stantium</strong></span> <span class='ocrx_word' id='word_1_174' title='bbox 345 2462 560 2545; x_wconf 83' lang='lat' dir='ltr'><strong>sermonibus,</strong></span> <span class='ocrx_word' id='word_1_175' title='bbox 586 2463 789 2527; x_wconf 84' lang='lat' dir='ltr'><strong>condiuntur.</strong></span> <span class='ocrx_word' id='word_1_176' title='bbox 837 2461 897 2527; x_wconf 89' lang='lat' dir='ltr'><strong>Ille</strong></span> <span class='ocrx_word' id='word_1_177' title='bbox 932 2462 1033 2547; x_wconf 89' lang='lat' dir='ltr'><strong>igitur</strong></span> <span class='ocrx_word' id='word_1_178' title='bbox 1069 2462 1109 2526; x_wconf 88' lang='lat' dir='ltr'><strong>ad</strong></span> 
     </span>
     <span class='ocr_line' id='line_1_27' title="bbox 157 2550 1109 2635; baseline 0.001 -22"><span class='ocrx_word' id='word_1_179' title='bbox 157 2553 279 2614; x_wconf 88' lang='lat' dir='ltr'><strong>ceteras</strong></span> <span class='ocrx_word' id='word_1_180' title='bbox 306 2569 380 2613; x_wconf 83' lang='lat' dir='ltr'><strong>suas</strong></span> <span class='ocrx_word' id='word_1_181' title='bbox 407 2550 518 2614; x_wconf 82' lang='lat' dir='ltr'><strong>laudes</strong></span> <span class='ocrx_word' id='word_1_182' title='bbox 545 2570 617 2615; x_wconf 89' lang='lat' dir='ltr'><strong>eam</strong></span> <span class='ocrx_word' id='word_1_183' title='bbox 643 2551 779 2633; x_wconf 88' lang='lat' dir='ltr'><strong>addidit,</strong></span> <span class='ocrx_word' id='word_1_184' title='bbox 810 2572 874 2635; x_wconf 89' lang='lat' dir='ltr'><strong>qua</strong></span> <span class='ocrx_word' id='word_1_185' title='bbox 903 2551 1006 2633; x_wconf 90' lang='lat' dir='ltr'><strong>nulla,</strong></span> <span class='ocrx_word' id='word_1_186' title='bbox 1038 2552 1109 2614; x_wconf 86' lang='lat' dir='ltr'><strong>meo</strong></span> 
     </span>
     <span class='ocr_line' id='line_1_28' title="bbox 158 2636 1110 2722; baseline 0.001 -22"><span class='ocrx_word' id='word_1_187' title='bbox 158 2637 288 2720; x_wconf 89' lang='lat' dir='ltr'><strong>quidem</strong></span> <span class='ocrx_word' id='word_1_188' title='bbox 300 2636 429 2720; x_wconf 88' lang='lat' dir='ltr'><strong>iudicio,</strong></span> <span class='ocrx_word' id='word_1_189' title='bbox 450 2637 553 2702; x_wconf 88' lang='lat' dir='ltr'><strong>maior</strong></span> <span class='ocrx_word' id='word_1_190' title='bbox 567 2641 624 2722; x_wconf 89' lang='lat' dir='ltr'><strong>est,</strong></span> <span class='ocrx_word' id='word_1_191' title='bbox 646 2639 738 2703; x_wconf 89' lang='lat' dir='ltr'><strong>nulla</strong></span> <span class='ocrx_word' id='word_1_192' title='bbox 750 2639 952 2722; x_wconf 88' lang='lat' dir='ltr'><strong>praeclarior,</strong></span> <span class='ocrx_word' id='word_1_193' title='bbox 973 2642 1012 2702; x_wconf 91' lang='lat' dir='ltr'><strong>ut</strong></span> <span class='ocrx_word' id='word_1_194' title='bbox 1025 2659 1110 2703; x_wconf 91' lang='lat' dir='ltr'><strong>com-</strong></span> 
     </span>
     <span class='ocr_line' id='line_1_29' title="bbox 156 2725 1111 2809; baseline 0.001 -21"><span class='ocrx_word' id='word_1_195' title='bbox 156 2725 247 2788; x_wconf 90' lang='lat' dir='ltr'><strong>muni</strong></span> <span class='ocrx_word' id='word_1_196' title='bbox 261 2725 406 2789; x_wconf 90' lang='lat' dir='ltr'><strong>omnium</strong></span> <span class='ocrx_word' id='word_1_197' title='bbox 419 2726 612 2809; x_wconf 87' lang='lat' dir='ltr'><strong>populorum</strong></span> <span class='ocrx_word' id='word_1_198' title='bbox 632 2747 791 2792; x_wconf 84' lang='lat' dir='ltr'><strong>consensu</strong></span> <span class='ocrx_word' id='word_1_199' title='bbox 805 2725 1000 2790; x_wconf 86' lang='lat' dir='ltr'><strong>Litterarum</strong></span> <span class='ocrx_word' id='word_1_200' title='bbox 1014 2725 1111 2790; x_wconf 89' lang='lat' dir='ltr'><strong>Pater</strong></span> 
     </span>
     <span class='ocr_line' id='line_1_30' title="bbox 157 2812 1111 2898; baseline 0.001 -22"><span class='ocrx_word' id='word_1_201' title='bbox 157 2812 387 2877; x_wconf 87' lang='lat' dir='ltr'><strong>nominaretur.</strong></span> <span class='ocrx_word' id='word_1_202' title='bbox 432 2812 523 2878; x_wconf 92' lang='lat' dir='ltr'><strong>Idem</strong></span> <span class='ocrx_word' id='word_1_203' title='bbox 544 2813 625 2878; x_wconf 89' lang='lat' dir='ltr'><strong>illud</strong></span> <span class='ocrx_word' id='word_1_204' title='bbox 647 2833 827 2898; x_wconf 76' lang='lat' dir='ltr'><strong>cognomen</strong></span> <span class='ocrx_word' id='word_1_205' title='bbox 853 2813 915 2876; x_wconf 88' lang='lat' dir='ltr'><strong>tibi</strong></span> <span class='ocrx_word' id='word_1_206' title='bbox 941 2813 1027 2895; x_wconf 89' lang='lat' dir='ltr'><strong>apud</strong></span> <span class='ocrx_word' id='word_1_207' title='bbox 1054 2832 1111 2895; x_wconf 92' lang='lat' dir='ltr'><strong>po·</strong></span> 
     </span>
     <span class='ocr_line' id='line_1_31' title="bbox 159 2899 1112 2984; baseline 0.002 -22"><span class='ocrx_word' id='word_1_208' title='bbox 159 2901 262 2964; x_wconf 87' lang='lat' dir='ltr'><strong>steros</strong></span> <span class='ocrx_word' id='word_1_209' title='bbox 284 2899 442 2965; x_wconf 85' lang='lat' dir='ltr'><strong>tributum</strong></span> <span class='ocrx_word' id='word_1_210' title='bbox 468 2901 521 2984; x_wconf 90' lang='lat' dir='ltr'><strong>iri,</strong></span> <span class='ocrx_word' id='word_1_211' title='bbox 548 2901 648 2966; x_wconf 90' lang='lat' dir='ltr'><strong>cuivis</strong></span> <span class='ocrx_word' id='word_1_212' title='bbox 674 2901 826 2984; x_wconf 88' lang='lat' dir='ltr'><strong>perfacile</strong></span> <span class='ocrx_word' id='word_1_213' title='bbox 854 2903 916 2982; x_wconf 78' lang='lat' dir='ltr'><strong>ert,</strong></span> <span class='ocrx_word' id='word_1_214' title='bbox 944 2899 998 2984; x_wconf 92' lang='lat' dir='ltr'><strong>qui</strong></span> <span class='ocrx_word' id='word_1_215' title='bbox 1020 2903 1112 2964; x_wconf 87' lang='lat' dir='ltr'><strong>tuam</strong></span> 
     </span>
     <span class='ocr_line' id='line_1_32' title="bbox 160 2986 1155 3070; baseline 0.001 -21"><span class='ocrx_word' id='word_1_216' title='bbox 160 3006 236 3070; x_wconf 87' lang='lat' dir='ltr'><strong>erga</strong></span> <span class='ocrx_word' id='word_1_217' title='bbox 262 2986 410 3052; x_wconf 87' lang='lat' dir='ltr'><strong>homines</strong></span> <span class='ocrx_word' id='word_1_218' title='bbox 441 2988 623 3054; x_wconf 87' lang='lat' dir='ltr'><strong>liberalium</strong></span> <span class='ocrx_word' id='word_1_219' title='bbox 654 2989 771 3052; x_wconf 89' lang='lat' dir='ltr'><strong>artium</strong></span> <span class='ocrx_word' id='word_1_220' title='bbox 802 2987 938 3051; x_wconf 86' lang='lat' dir='ltr'><strong>seientia</strong></span> <span class='ocrx_word' id='word_1_221' title='bbox 969 2987 1112 3051; x_wconf 86' lang='lat' dir='ltr'><strong>excultos</strong></span> <span class='ocrx_word' id='word_1_222' title='bbox 1151 3025 1155 3032; x_wconf 62' lang='grc'><strong>«</strong></span> 
     </span>
     <span class='ocr_line' id='line_1_33' title="bbox 158 3073 1113 3161; baseline -0.001 -23"><span class='ocrx_word' id='word_1_223' title='bbox 158 3074 344 3139; x_wconf 87' lang='lat' dir='ltr'><strong>munificam</strong></span> <span class='ocrx_word' id='word_1_224' title='bbox 365 3077 525 3161; x_wconf 90' lang='lat' dir='ltr'><strong>planeque</strong></span> <span class='ocrx_word' id='word_1_225' title='bbox 547 3077 671 3161; x_wconf 87' lang='lat' dir='ltr'><strong>regiam</strong></span> <span class='ocrx_word' id='word_1_226' title='bbox 693 3077 894 3142; x_wconf 85' lang='lat' dir='ltr'><strong>voluntatem</strong></span> <span class='ocrx_word' id='word_1_227' title='bbox 917 3073 1113 3160; x_wconf 85' lang='lat' dir='ltr'><strong>cognoverit,</strong></span> 
     </span>
     <span class='ocr_line' id='line_1_34' title="bbox 159 3183 319 3246; baseline 0.013 -20"><span class='ocrx_word' id='word_1_228' title='bbox 159 3183 319 3246; x_wconf 72' lang='lat' dir='ltr'><strong>anginam.</strong></span> 
     </span>
    </p>

    <p class='ocr_par' dir='ltr' id='par_1_5' title="bbox 158 3249 1114 3511">
     <span class='ocr_line' id='line_1_35' title="bbox 224 3249 1113 3337; baseline -0.002 -21"><span class='ocrx_word' id='word_1_229' title='bbox 224 3249 295 3316; x_wconf 89' lang='lat' dir='ltr'><strong>Nos</strong></span> <span class='ocrx_word' id='word_1_230' title='bbox 317 3251 455 3337; x_wconf 86' lang='lat' dir='ltr'><strong>interea,</strong></span> <span class='ocrx_word' id='word_1_231' title='bbox 483 3253 538 3336; x_wconf 88' lang='lat' dir='ltr'><strong>qui</strong></span> <span class='ocrx_word' id='word_1_232' title='bbox 563 3274 621 3337; x_wconf 91' lang='lat' dir='ltr'><strong>per</strong></span> <span class='ocrx_word' id='word_1_233' title='bbox 647 3256 680 3317; x_wconf 88' lang='lat' dir='ltr'><strong>te</strong></span> <span class='ocrx_word' id='word_1_234' title='bbox 702 3251 765 3318; x_wconf 92' lang='lat' dir='ltr'><strong>hoc</strong></span> <span class='ocrx_word' id='word_1_235' title='bbox 788 3251 855 3318; x_wconf 89' lang='lat' dir='ltr'><strong>otio</strong></span> <span class='ocrx_word' id='word_1_236' title='bbox 877 3251 1023 3334; x_wconf 82' lang='lat' dir='ltr'><strong>fruimur,</strong></span> <span class='ocrx_word' id='word_1_237' title='bbox 1046 3271 1113 3315; x_wconf 92' lang='lat' dir='ltr'><strong>om·</strong></span> 
     </span>
     <span class='ocr_line' id='line_1_36' title="bbox 158 3338 1113 3425; baseline 0.001 -25"><span class='ocrx_word' id='word_1_238' title='bbox 158 3357 234 3401; x_wconf 89' lang='lat' dir='ltr'><strong>nem</strong></span> <span class='ocrx_word' id='word_1_239' title='bbox 260 3338 453 3404; x_wconf 85' lang='lat' dir='ltr'><strong>industriam</strong></span> <span class='ocrx_word' id='word_1_240' title='bbox 481 3361 519 3405; x_wconf 88' lang='lat' dir='ltr'><strong>eo</strong></span> <span class='ocrx_word' id='word_1_241' title='bbox 548 3341 694 3406; x_wconf 85' lang='lat' dir='ltr'><strong>conferre</strong></span> <span class='ocrx_word' id='word_1_242' title='bbox 722 3342 864 3425; x_wconf 85' lang='lat' dir='ltr'><strong>oportet,</strong></span> <span class='ocrx_word' id='word_1_243' title='bbox 889 3343 939 3423; x_wconf 90' lang='lat' dir='ltr'><strong>ut,</strong></span> <span class='ocrx_word' id='word_1_244' title='bbox 963 3359 1113 3423; x_wconf 88' lang='lat' dir='ltr'><strong>quacum·</strong></span> 
     </span>
     <span class='ocr_line' id='line_1_37' title="bbox 159 3426 1114 3511; baseline 0.003 -24"><span class='ocrx_word' id='word_1_245' title='bbox 159 3445 222 3508; x_wconf 88' lang='lat' dir='ltr'><strong>que</strong></span> <span class='ocrx_word' id='word_1_246' title='bbox 248 3426 376 3491; x_wconf 87' lang='lat' dir='ltr'><strong>ratione</strong></span> <span class='ocrx_word' id='word_1_247' title='bbox 401 3449 586 3511; x_wconf 88' lang='lat' dir='ltr'><strong>possumus,</strong></span> <span class='ocrx_word' id='word_1_248' title='bbox 617 3427 763 3494; x_wconf 86' lang='lat' dir='ltr'><strong>heroicas</strong></span> <span class='ocrx_word' id='word_1_249' title='bbox 795 3449 833 3492; x_wconf 91' lang='lat' dir='ltr'><strong>ac</strong></span> <span class='ocrx_word' id='word_1_250' title='bbox 860 3449 961 3511; x_wconf 88' lang='lat' dir='ltr'><strong>prope</strong></span> <span class='ocrx_word' id='word_1_251' title='bbox 988 3426 1114 3491; x_wconf 85' lang='lat' dir='ltr'><strong>divinas</strong></span> 
     </span>
    </p>
   </div>
   <div class='ocr_carea' id='block_1_5' title="bbox 161 3511 1114 3599">
    <p class='ocr_par' dir='ltr' id='par_1_6' title="bbox 161 3511 1114 3599">
     <span class='ocr_line' id='line_1_38' title="bbox 161 3511 1114 3599; baseline 0.001 -23"><span class='ocrx_word' id='word_1_252' title='bbox 161 3511 295 3578; x_wconf 83' lang='lat' dir='ltr'><strong>virtutes</strong></span> <span class='ocrx_word' id='word_1_253' title='bbox 309 3517 383 3580; x_wconf 89' lang='lat' dir='ltr'><strong>tuas</strong></span> <span class='ocrx_word' id='word_1_254' title='bbox 402 3516 491 3579; x_wconf 92' lang='lat' dir='ltr'><strong>omni</strong></span> <span class='ocrx_word' id='word_1_255' title='bbox 509 3535 627 3599; x_wconf 90' lang='lat' dir='ltr'><strong>genere</strong></span> <span class='ocrx_word' id='word_1_256' title='bbox 639 3517 913 3582; x_wconf 88' lang='lat' dir='ltr'><strong>monimentorum</strong></span> <span class='ocrx_word' id='word_1_257' title='bbox 926 3514 967 3580; x_wconf 88' lang='lat' dir='ltr'><strong>ad</strong></span> <span class='ocrx_word' id='word_1_258' title='bbox 984 3515 1114 3579; x_wconf 90' lang='lat' dir='ltr'><strong>immor-</strong></span> 
     </span>
    </p>
   </div>
   <div class='ocr_carea' id='block_1_6' title="bbox 0 0 1351 3914">
    <p class='ocr_par' dir='ltr' id='par_1_7' title="bbox 0 0 1351 3914">
     <span class='ocr_line' id='line_1_39' title="bbox 0 0 1351 3914; baseline 0 0"><span class='ocrx_word' id='word_1_259' title='bbox 0 0 1351 3914; x_wconf 95' lang='lat' dir='ltr'><strong> </strong></span> 
     </span>
    </p>
   </div>
  </div>
 </body>
</html>
