2656 3910
246 219 290 282 80
596 218 774 274 EPISTOLA
792 220 850 276 LX.

247 362 413 446 ingentem
439 364 565 447 copiam
594 363 764 427 habiturus
796 367 882 427 esset
912 362 1220 428 eruditissimorum

246 449 428 534 hominum,
456 451 511 535 qui
534 471 568 515 se
589 451 753 516 inlocum
776 472 882 516 meum
912 451 1064 515 substitui
1090 455 1219 534 postu·

247 539 360 602 lareut.
397 537 519 603 Contra
539 542 649 603 tamen
663 539 790 622 accidit,
813 560 910 623 quarn
932 541 1088 622 putaram.
1127 539 1217 603 Ete-

247 626 316 689 nim
344 647 416 688 cum
443 648 553 691 rumor
580 627 619 690 de
649 649 722 692 meo
753 627 894 691 discessu
924 629 995 690 tota
1020 627 1086 689 iam
1114 625 1215 691 Urbe

248 714 454 797 pervulgatus
477 717 570 799 esset,
584 714 833 780 conservatores
854 715 966 799 populi
988 714 1139 798 Romani,
1165 713 1214 797 (is

248 822 393 864 summus
419 803 627 886 magistratus
658 807 708 866 est
734 824 855 885 eorum,
888 804 943 888 qui
968 802 1063 866 hodie
1090 804 1213 886 populi

249 889 411 974 suffragiis
434 891 641 974 deferuntur,)
663 891 705 954 ad
726 890 915 955 Pontificem
937 891 1105 973 accedunt,
1130 912 1211 955 cum

249 981 434 1060 praesentes
457 980 554 1044 etiam
583 979 732 1042 adessent
758 979 783 1040 ii
806 1001 844 1042 ex
866 977 1105 1061 Cardinalibus,
1135 979 1211 1062 qui·

249 1064 310 1130 bus
338 1067 516 1130 studiorum
543 1089 620 1132 eura
645 1067 816 1131 commissa
842 1070 904 1148 est,
935 1088 1065 1150 remque
1092 1066 1123 1129 ei
1153 1087 1210 1129 ex-

249 1158 376 1234 ponunt
398 1159 494 1238 atque
518 1155 559 1218 ab
581 1176 619 1218 eo
642 1155 801 1238 supplices
822 1158 949 1238 petunt,
975 1176 1017 1217 ne
1039 1175 1090 1218 me
1113 1154 1209 1219 abire

250 1241 405 1323 patiatur3
433 1242 555 1306 addunt
580 1242 683 1306 multa
712 1243 750 1306 de
777 1263 841 1325 me,
872 1263 953 1327 quae
984 1243 1070 1306 malo
1098 1244 1133 1306 te
1167 1263 1209 1306 ex

250 1328 322 1392 aliis
345 1349 544 1412 cognoscere.
580 1329 730 1393 Pontifex
751 1329 891 1414 benigne
913 1351 968 1394 eos
991 1329 1092 1413 audit,
1115 1329 1207 1394 bono

250 1415 358 1479 animo
382 1437 451 1480 esse
473 1417 570 1500 iubet,
594 1439 635 1499 se,
659 1418 744 1501 quod
758 1439 838 1502 opus
857 1417 949 1501 foret,
971 1417 1207 1500 imperaturum

250 1523 320 1566 esse
344 1505 518 1568 confirmat.
558 1504 673 1569 Paucis
696 1509 771 1589 post
793 1506 904 1570 diebus
926 1525 984 1589 per
1005 1505 1206 1568 Ludovicnm

251 1588 445 1658 Castaneum
458 1593 707 1677 Rupipozaeum,
729 1592 996 1658 Christianissimi
1016 1593 1102 1678 regis
1123 1592 1205 1657 Ora-

250 1682 366 1763 torem,
388 1681 493 1745 virum
516 1686 549 1746 et
571 1683 715 1746 claritate
734 1683 860 1766 generis
883 1685 916 1745 et
937 1682 1055 1745 virtute
1078 1685 1111 1745 et
1133 1703 1205 1745 eru·

251 1766 371 1831 ditione
385 1773 610 1853 praestantem,
623 1770 714 1833 iubet
726 1768 806 1832 mihi
815 1769 1007 1851 denuntiari,
1019 1789 1060 1832 ne
1073 1769 1202 1833 abeam:

251 1853 313 1918 sibi
340 1877 433 1920 curae
459 1858 540 1939 fore,
567 1879 609 1920 111
636 1878 700 1939 me,
728 1857 813 1941 qnod
843 1855 1026 1921 auctoritati
1048 1879 1124 1921 suae
1147 1879 1202 1939 pa-

250 1941 399 2026 ruissem,
430 1945 617 2026 poeniteret.
670 1943 849 2028 Respondi,
879 1945 1002 2008 nullam
1032 1944 1202 2026 pecuniam

251 2029 331 2092 mihi
358 2052 426 2096 esse
453 2033 548 2116 tanti,
576 2035 613 2096 ut
638 2033 718 2096 mihi
740 2032 914 2116 quidquam
935 2033 1089 2115 placeret,
1118 2032 1201 2116 quod

251 2116 400 2183 Pontifici
431 2120 624 2206 displiceret,
657 2124 690 2184 et
719 2120 929 2184 honorificum
962 2119 1090 2204 quidem
1122 2119 1201 2183 mihi

250 2206 355 2271 visum
378 2229 461 2292 esse,
489 2210 574 2294 quod
601 2231 621 2272 a
643 2212 734 2273 tanto
757 2228 833 2292 rege
855 2229 998 2290 vocarer,
1022 2208 1077 2272 sed
1100 2209 1199 2270 multo

251 2293 521 2378 honorificentius,
545 2297 630 2380 quod
653 2299 685 2358 et
708 2295 901 2360 aPontifioe'
921 2299 955 2359 et
977 2317 997 2358 a
1018 2296 1077 2359 tali
1092 2294 1199 2360 Ponti-

251 2382 308 2444 fice
330 2383 492 2445 retinerer.
546 2383 694 2446 Pontifex
726 2387 838 2466 postea
874 2383 1042 2466 epistolam
1074 2383 1115 2447 ad
1149 2403 1198 2446 me

251 2468 341 2531 misit
353 2469 572 2533 amantissime
587 2471 748 2554 scriptam,
771 2493 833 2554 qua
847 2471 888 2535 ad
902 2472 1096 2554 stipendium
1111 2471 1197 2556 quin-

251 2558 422 2638 gentorum
451 2577 621 2621 numerum
651 2580 832 2642 aureorum,
870 2560 955 2644 quod
983 2559 1049 2623 iam
1077 2560 1197 2643 pridem

251 2643 430 2726 capiebam,
459 2645 660 2729 significabat
687 2667 720 2710 se
747 2647 901 2711 ducentos
927 2651 1093 2731 praeterea
1115 2647 1195 2710 addi-

251 2729 344 2794 disse.
380 2731 503 2797 Eodem
525 2738 668 2819 tempore
682 2733 865 2799 Matthaeus
888 2733 1098 2815 Oontarellus,
1118 2735 1196 2798 Pon·

251 2817 347 2884 tificis
374 2818 542 2906 Datarius,
574 2824 623 2888 vir
649 2827 681 2887 et
707 2824 823 2887 eximia
851 2824 989 2908 quadam
1017 2823 1196 2907 integritate

251 2907 335 2972 vitae
364 2913 397 2974 et
428 2912 582 2998 singulari
608 2911 826 2976 Romanarum
853 2933 959 2976 rerum
990 2911 1196 2995 intelligentia

250 2996 1195 3172 11111111111111111111111111111118111

328 3137 335 3168 7
923 3138 931 3170 7

251 3173 391 3255 primum
419 3176 606 3239 attribueret
637 3181 670 3240 et
700 3177 879 3260 assignaret
910 3197 1051 3239 annuam
1082 3178 1194 3239 trecen·

250 3263 359 3324 torum
385 3281 553 3324 aureorum
578 3283 749 3327 numerum
771 3263 967 3346 pensionem.
1012 3263 1125 3348 Itaque
1145 3283 1195 3327 rer

251 3351 320 3411 tam
342 3346 538 3430 longinquus
561 3349 665 3412 effecit
686 3351 871 3415 testimonio
895 3354 931 3413 et
950 3351 1067 3415 iudicio
1091 3351 1129 3414 de
1149 3372 1194 3414 me

251 3455 319 3518 suo,
342 3438 379 3497 ut
402 3434 596 3498 sanctissimi
615 3435 780 3500 Pontificis
803 3438 994 3502 liberalitate
1018 3437 1058 3500 ad
1081 3440 1194 3502 veteres

251 3521 432 3587 fortunales
460 3542 548 3587 meas
576 3525 768 3588 accesserint
795 3526 893 3589 annui
922 3524 1090 3609 quingenti
1116 3525 1194 3589 aurei
