2658 3914
501 241 620 300 CAPUT
640 243 738 298 XLIV.
1032 241 1093 305 179

137 407 217 452 cano
244 387 413 452 blandiens
441 386 543 452 verita
575 391 686 450 tamen
711 407 779 450 non
806 386 848 451 sit
877 406 949 449 eum
979 390 1093 450 κυλλο-

136 475 280 540 νοὸίονα
311 497 439 540 vocare:
472 475 567 560 idque
599 496 637 539 eo
669 474 790 560 factum
822 474 881 557 ait,
910 473 995 558 quod
1022 495 1094 538 cum

136 562 250 627 vitium
263 563 381 646 pedum
401 563 503 646 ipsius
522 565 668 646 apertum
687 564 772 626 esset
792 582 896 646 neque
914 562 980 626 ullo
998 562 1094 626 modo

136 651 204 734 tegi
231 654 353 734 posset,
379 650 469 716 nullo
496 651 594 715 verbo
621 650 725 734 magis
753 671 825 714 eum
858 652 961 714 mater
988 653 1094 713 osten-

137 739 211 801 dere
234 739 352 821 potuit,
375 760 472 822 quam
496 739 523 802 si
537 739 611 803 inde
629 739 735 822 ipsum
753 741 912 804 vocasset:
935 737 968 801 id
987 741 1095 801 autem

137 825 251 890 fecisse
265 820 560 911 ὑποκοριζομὲνην,
583 829 620 890 ut
634 827 816 892 ostenderet
829 848 901 890 eum
917 847 936 889 a
955 847 988 889 se
1002 826 1094 890 valde

137 914 248 977 amari.
285 911 373 988 Quae
396 914 542 979 fortassis
566 935 641 979 vera
665 917 748 978 sunt.
786 913 847 978 Sed
861 912 1095 998 Plutarchum),

138 1001 246 1086 gravis
272 1001 420 1085 inprimis
447 1006 480 1065 et
501 1001 635 1066 idoneus
659 1004 782 1082 auctor,
811 1001 907 1065 aliam
929 1001 1024 1064 huius
1047 1002 1094 1065 rei

138 1111 285 1156 caussam
308 1089 426 1172 adfert,
448 1089 559 1173 nihilo,
581 1093 618 1153 ut
640 1109 700 1174 ego
724 1089 851 1171 quidem
875 1089 1021 1172 arbitror,
1044 1089 1094 1152 de-

138 1178 297 1242 teriorem.
347 1176 405 1241 Ait
428 1177 527 1261 enim,
554 1177 692 1242 voluisse
722 1198 882 1241 summum
905 1197 942 1240 ac
970 1175 1095 1260 sapien-

137 1265 298 1328 tissimum
311 1269 441 1348 poetam
456 1266 634 1349 ostendere,
657 1286 761 1350 neque
775 1265 870 1348 bona,
892 1285 995 1348 neque
1009 1266 1096 1329 mala

138 1354 280 1436 corporis
303 1352 382 1417 talia
404 1374 486 1437 erse,
508 1356 546 1418 ut
567 1358 624 1419 aut
647 1354 687 1418 ad
709 1354 837 1418 laudem
860 1356 917 1417 aut
944 1353 985 1417 ad
1013 1354 1094 1418 vitu·

137 1440 337 1523 perationem
373 1440 561 1526 cuiusquam
596 1442 688 1507 valde
723 1441 916 1526 pertineant.
979 1440 1093 1525 Itaque

138 1526 224 1610 apud
254 1549 327 1592 eum
354 1529 452 1592 etiam
479 1530 534 1611 qui
561 1530 700 1613 aliquem
728 1530 902 1614 obiurgant
928 1549 966 1592 ac
990 1549 1095 1610 repre-

139 1613 300 1698 hendunt,
322 1635 360 1678 eo
374 1617 483 1678 tamen
497 1615 568 1697 ipso
590 1620 735 1700 tempore
749 1616 972 1681 commendare
995 1615 1096 1699 ipsius

138 1700 291 1784 formam,
318 1701 346 1764 si
367 1702 454 1766 bona
477 1705 538 1784 est,
564 1723 632 1767 non
653 1706 816 1786 verentur,
839 1707 876 1768 ut
893 1702 1015 1767 Hector
1037 1703 1095 1766 Pa-

138 1788 200 1852 ridi
223 1787 403 1853 eonvicium
425 1787 589 1874 fuoiens2),

185 1906 362 1995 Δύσπαρι,
385 1905 473 1986 εἶδος
496 1905 619 1995 ἄριστε,
642 1907 859 1995 γυναιμανὲς,
881 1905 1096 1998 ἠπεροπευτά.

140 2035 173 2097 et
193 2033 258 2116 ipsi
280 2032 414 2098 Hectori
436 2031 617 2118 Glaucur³),

175 2151 294 2242 Ἕκτορ
318 2145 344 2220 oi
368 2150 457 2232 εἶδος
471 2151 594 2241 ἄριστε,
616 2152 722 2240 μάχης
740 2151 804 2241 ἄρα
826 2151 952 2221 πολλὸν
976 2152 1096 2221 ἐδεύεο.

139 2277 253 2362 Neque
279 2300 422 2363 unquam
451 2280 486 2343 in
513 2278 623 2362 probri
650 2278 720 2343 loco
748 2279 904 2343 obiiciunt
930 2300 981 2361 ea,
1014 2301 1095 2362 quae

140 2366 282 2448 corporis
306 2370 394 2449 sunt,
417 2366 473 2431 sed
496 2387 577 2452 quae
601 2367 713 2448 animi,
737 2371 774 2431 ut
795 2364 906 2430 Ulixes
929 2366 1095 2431 Thersitae

139 2474 207 2518 non
231 2453 316 2536 quod
339 2455 586 2540 clauduslesaet,
610 2458 666 2518 aut
679 2455 797 2539 calvus,
820 2457 876 2518 aut
899 2455 1021 2539 gibber,
1044 2476 1095 2518 ex-

139 2540 287 2624 probrat,
311 2541 367 2604 sed
390 2542 474 2624 quod
493 2542 661 2606 immodice
676 2546 709 2606 et
721 2542 946 2626 intempestive
969 2543 1095 2627 loquax.

140 2626 324 2712 Contraque
356 2633 459 2692 mater
490 2631 561 2713 ipsa
591 2651 633 2694 ne
660 2634 731 2694 tum
758 2631 899 2716 quidem,
929 2652 1002 2694 cum
1029 2631 1095 2695 filio

139 2715 316 2801 blanditur,
348 2721 476 2781 veretur
503 2739 576 2781 cum
608 2719 769 2801 claudum,
800 2722 837 2782 ut
864 2722 945 2800 erat,
972 2738 1096 2799 vocare,

139 2804 224 2887 quod
252 2824 289 2867 ca
318 2825 368 2868 res
395 2805 485 2870 nullo
512 2805 609 2869 modo
636 2806 677 2868 ad
704 2806 972 2888 vituperationem
994 2805 1095 2887 ipsius

139 2891 311 2974 pertineat,
337 2913 441 2975 neque
469 2892 644 2976 quidquam
671 2892 709 2954 de
733 2892 890 2976 dignitate
917 2892 1019 2974 ipsius
1043 2892 1095 2954 de-

139 2978 255 3042 trahat.
293 2974 422 3059 Οὕτως,
443 2979 561 3062 inquit,
571 2974 714 3061 ’Όμηρος
726 2979 888 3065 καταγελᾷ
900 2979 968 3043 τῶν
983 2979 1095 3060 αἰσχυ-

138 3063 291 3148 νομένων
319 3063 370 3130 eat
398 3062 559 3148 χωλότητι
590 3057 611 3148 ἢ
638 3062 832 3147 τνφλότητι,
865 3062 941 3131 οὕτε
972 3062 1095 3143 ψεκτὸν

138 3147 326 3260 ἡγούμενος
347 3150 384 3217 τὸ
408 3149 453 3236 μὴ
478 3148 628 3238 αἰσχρὸν,
652 3148 728 3218 οὔτε
751 3149 890 3239 αἰσχρὸν
911 3149 948 3218 τὸ
977 3150 1022 3237 μὴ
1046 3148 1091 3218 dr'

138 3241 233 3324 ημᾶς,
256 3235 328 3305 ἀλλ’
355 3235 418 3305 ἀπὸ
433 3237 535 3323 τύχης
556 3237 746 3324 γινόμενον.
789 3241 975 3327 Eodemque
998 3243 1093 3308 modo

212 3413 231 3514 ζ)
250 3414 285 3468 de
304 3414 433 3469 audiend.
452 3418 526 3484 poet.
546 3432 610 3486 pag.
629 3419 670 3474 36.

211 3486 233 3622 st
250 3485 283 3607 t:
301 3485 467 3609 itam.
