2656 3910
239 197 282 262 58
580 195 760 250 EPISTOLA
778 195 861 252 XLV.

238 340 340 424 ipsius
359 339 559 404 sermonibus
573 339 612 404 de
634 343 667 404 te
687 361 903 424 conceperam,
924 340 1021 425 longe
1043 341 1207 406 multum-
1305 389 1306 406 r

240 448 301 512 que
334 427 500 511 superast'.
545 425 629 492 Vere
660 427 723 492 hoo
752 428 814 492 tibi
845 428 991 493 adfirmo:
1023 429 1151 493 nullum
1183 453 1209 494 a

240 515 350 580 multis
374 516 439 579 iarn
463 515 556 580 annis
570 515 636 580 vidi
659 516 825 600 aequalem
847 519 948 599 tuum,
971 535 1067 601 quem
1088 519 1207 582 tecum

239 604 275 667 in
301 603 363 666 hoo
390 622 506 687 genere
533 603 761 668 eonferendum
786 607 910 686 putem3
943 624 1046 688 neque
1074 603 1206 688 dubita,

242 691 270 754 si
291 691 481 774 perrexeris,
511 691 590 776 quin
615 691 721 774 possis
749 691 921 776 aliquando
949 692 1033 755 inter
1055 691 1206 776 optimos

241 777 337 842 huius
361 779 479 844 saeculi
501 783 613 862 poetas
637 779 769 862 oenseri,

306 901 522 1054 Iufflemque
544 907 595 966 tuo
618 903 713 984 capiti
728 907 832 984 petere
853 902 924 966 aa
946 921 1098 980 eoronam,

314 989 346 1056 U
385 1009 400 1054 e
415 991 509 1072 prius
525 990 638 1072 perrois
659 989 792 1054 velarint
813 994 948 1071 tempora
969 991 1090 1054 Mesae.
1098 986 1125 1076 ¹)

243 1127 301 1194 Sin
322 1133 364 1213 te,
388 1129 473 1214 quod
495 1130 563 1194 fore
583 1149 732 1214 auguror,
755 1130 883 1214 gravius
903 1130 1034 1215 aliquod
1056 1129 1205 1196 studium

242 1216 466 1300 progrediente
499 1220 603 1280 aetate
631 1217 672 1281 ab
700 1218 894 1282 amoenitate
925 1220 1109 1301 poematum
1143 1219 1204 1282 ab·

244 1303 382 1368 duxerit:
409 1307 520 1367 tamen
542 1307 588 1387 te,
615 1306 661 1369 mi
683 1304 780 1370 Rosci
803 1305 922 1389 optime
946 1309 979 1368 et
1001 1305 1204 1389 suavissime,

242 1391 368 1474 hortor,
390 1412 431 1454 ne
453 1390 564 1456 Musas
586 1414 729 1477 unquam
752 1394 847 1476 plane
871 1392 1011 1477 deseras,
1037 1414 1117 1457 neve
1140 1415 1203 1456 un-

245 1501 343 1563 quam
365 1478 467 1543 itate
490 1479 618 1544 addioas
641 1479 790 1565 cuiquam
812 1481 940 1545 illarum
963 1479 1139 1564 severioris,
1163 1485 1205 1546 ut

244 1567 291 1632 ita
314 1567 431 1650 dicem,
458 1567 619 1651 supercilii
641 1568 772 1651 artium,
794 1571 831 1632 ut
852 1591 919 1633 non
941 1568 1002 1632 tibi
1023 1568 1202 1634 identidem

245 1676 284 1718 ex
297 1654 463 1720 Musarum
477 1656 624 1721 cantibus
649 1656 676 1720 si
698 1657 781 1720 nihil
802 1656 898 1739 aliud,
919 1656 1090 1740 petendam
1113 1659 1202 1720 oerte

244 1744 426 1826 graviorum
448 1744 681 1828 cogitationum
702 1744 925 1809 allevationem
947 1747 1049 1828 putes.
1084 1741 1202 1830 Neque

123 1879 130 1893 .
244 1834 276 1894 te
299 1832 360 1898 hoo
380 1832 542 1896 ¹facturum
565 1853 634 1896 esse
658 1831 775 1896 diffido.

355 1955 494 2018 Μοῦσαι
517 1949 581 2039 γὰρ
605 1949 705 2030 ὅσους
728 1955 804 2018 t'dov
827 1949 947 2038 ὄμματι
969 1954 1100 2035 παῖδας,

302 2036 398 2127 ’Ἄχρι
420 2045 497 2124 βίου
519 2044 657 2118 notave
679 2035 740 2106 οὐκ
763 2037 926 2106 ἀπέθεντο
950 2040 1105 2126 φίλουςῩ)

245 2183 277 2248 Α
300 2205 351 2248 me
364 2206 439 2250 vero
462 2187 499 2248 ut
520 2184 655 2267 posthae
674 2183 782 2247 omnia
805 2183 909 2247 offieia
931 2185 1102 2266 exspectes,
1118 2203 1201 2266 quae

247 2272 287 2336 ab
310 2273 441 2338 homine
465 2271 657 2336 amicissimo
681 2270 859 2354 exspectari
880 2274 1024 2354 possunt,
1046 2274 1079 2334 te
1102 2271 1202 2334 etiam

248 2364 343 2444 atque
367 2361 464 2423 etiam
488 2380 552 2422 oro.
581 2356 661 2423 Cum
683 2358 766 2422 istuc
788 2358 920 2442 rediero,
942 2359 1004 2422 erit
1025 2357 1105 2422 mihi
1127 2377 1201 2442 gra-

246 2448 417 2530 tissimum,
441 2446 469 2510 si
490 2444 651 2509 interdum
674 2445 714 2509 ad
737 2467 797 2529 me,
816 2445 901 2528 quod
923 2445 1019 2510 modo
1041 2445 1200 2528 permissu

249 2555 359 2599 eorum
380 2534 446 2616 fiat,
468 2532 553 2616 apud
576 2553 656 2616 quos
679 2531 835 2614 educaris,
858 2533 1004 2616 ventites,
1026 2553 1139 2617 meque
1164 2555 1202 2598 ao

248 2621 343 2686 rebus
376 2620 524 2686 omnibus
556 2620 635 2684 meis
664 2641 763 2705 aeque
794 2620 893 2685 libere
924 2621 1025 2684 utaris
1057 2641 1095 2684 ao
1125 2621 1200 2685 tuis.

250 2708 349 2793 Spero
382 2711 490 2773 autern
522 2708 784 2774 consuetudinem
816 2727 1041 2793 sermonesque
1071 2711 1201 2773 nostros

250 2799 291 2862 ad
312 2797 408 2862 istam
434 2797 540 2880 ipsam
565 2795 705 2879 laudem,
727 2797 767 2860 ad
791 2817 886 2880 quam
910 2796 1068 2879 adspiras,
1090 2816 1200 2860 eonse-
1305 2817 1306 2826 ¹

250 2885 409 2972 quendam
431 2885 492 2949 tibi
513 2906 581 2950 non
603 2905 733 2967 prorsus
760 2884 890 2949 inutiles
913 2883 990 2948 fore.
1034 2881 1130 2963 Vale,
1156 2884 1202 2948 mi

248 2973 358 3058 Rosci,
385 2974 508 3060 tibique
535 2972 691 3057 persuade
717 2976 750 3037 te
777 2993 797 3035 a
823 2992 874 3036 me
900 2971 996 3055 plene
1023 2970 1058 3034 in
1083 2969 1143 3035 filii
1171 2975 1203 3035 et

250 3064 378 3147 quidem
392 3056 557 3144 ὀψιγόνου
579 3062 650 3126 looo
664 3060 773 3124 amari.
804 3077 850 3124 x1.
864 3058 934 3124 Kal.
949 3057 1058 3123 sexul.
1071 3074 1201 3123 moun.

249 3149 400 3231 Litteras,
428 3171 507 3233 quas
535 3171 607 3214 oum
633 3147 684 3212 his
713 3148 861 3231 aooipies,
888 3151 977 3231 peto,
998 3149 1036 3210 ut
1058 3143 1203 3231 Oiosano,

250 3259 322 3302 eum
344 3237 484 3321 primum
505 3236 636 3318 poteris,
656 3235 833 3300 reddendas
856 3256 955 3300 eures.

324 3393 343 3464 ¹)
361 3392 471 3449 Lueret.
489 3394 511 3447 1.
530 3397 591 3448 928.
611 3397 671 3446 929.
744 3389 765 3458 ²)
784 3391 892 3447 Gallim.
912 3390 999 3461 epigr.
1017 3389 1076 3445 XX.
1097 3394 1121 3444 5.
1142 3395 1169 3444 6.
