2656 3910
385 227 563 283 EPISTOLA
581 227 729 283 LXXVIII.
972 228 1034 291 109

58 379 142 438 tam
174 372 374 457 propinquus
402 393 519 455 essem,
546 370 717 454 Duretum,
745 373 778 434 et
804 371 1035 456 elegantissimi

60 461 245 526 hominem
267 460 399 545 ingenii,
413 459 639 542 Passeratium,
661 479 750 524 meos
764 461 887 522 veteres
906 459 1035 539 amieos,

6 601 7 604 ,
65 570 218 634 quorum
251 568 310 632 ego
342 548 411 630 ipse
443 547 663 612 recordatione
695 567 820 610 reereor
851 550 885 610 et
916 547 1037 610 afficior

66 637 204 700 intimis
234 635 393 787 sqnqibus:
425 656 480 700 eos
511 635 611 719 igitur
643 655 754 699 omnes
785 633 865 698 mihi
896 635 1037 699 vicissim

69 726 195 788 saluta.
275 743 331 787 ae.

482 845 641 856 ———.

471 947 649 1014 LXXVIII.

280 1075 328 1147 M.
356 1073 598 1146 ANTONIUS
625 1072 849 1146 MUREI'IUS

253 1207 480 1264 ALEXANDRO
499 1206 713 1264 IUSTINIANO
732 1206 870 1264 MEDICO

532 1316 553 1358 S.
567 1312 594 1358 1)ss

6 1495 7 1500 γ
152 1422 247 1499 Quod
261 1423 301 1488 ad
314 1427 387 1488 tuas
402 1425 621 1488 amantissIme
638 1425 773 1508 scriptas
791 1424 915 1488 litteras
939 1424 1039 1488 serius

81 1511 275 1596 respondeo,
298 1515 384 1576 oerto
399 1513 464 1577 seio
486 1516 520 1576 te
534 1516 574 1594 et,
597 1533 653 1576 eur
675 1511 708 1574 id
721 1512 846 1594 faciam,
869 1531 1040 1595 eognosce-

6 1639 11 1665 1
82 1624 128 1684 re,
153 1603 187 1664 et
210 1597 295 1684 quod
316 1599 441 1683 faciam,
463 1601 637 1683 Ignoscere.
673 1598 752 1662 Illae
770 1619 845 1662 vero
868 1599 948 1662 mihi
969 1620 1040 1682 per-

85 1692 200 1773 gratae
227 1708 346 1772 perque
373 1688 529 1752 iucundae
560 1687 692 1750 fuerunt
717 1689 761 1768 et,
793 1686 822 1748 si
854 1686 929 1770 quid
961 1687 1040 1750 mihi

85 1776 204 1858 eredis,
230 1776 318 1840 visae
345 1779 421 1840 sunt
452 1775 593 1860 aliquam
619 1773 723 1838 morbi
753 1777 879 1857 partem
909 1774 1039 1838 levasse.

86 1864 161 1948 Ilgo
184 1864 247 1946 ille,
269 1864 459 1948 Alexander,
483 1863 538 1948 qui
560 1883 726 1946 nunquam
748 1863 783 1926 in
797 1862 863 1925 vita
885 1883 925 1924 ne
948 1863 1040 1926 levis·
1069 1942 1075 1948 N

89 1973 172 2103 {¹12⁰
180 1952 324 2103 tttt
343 1953 515 2122 titt?
517 1949 899 2102 tuthttttult
916 1953 1041 2120 Itu.

90 2128 173 2190 simo
196 2129 229 2190 et
250 2127 438 2192 tenuissimo
464 2129 571 2209 utens,
599 2145 693 2209 quem
719 2128 829 2188 tamen
855 2125 962 2207 ipsum
988 2127 1041 2188 vix

92 2234 205 2297 capere
227 2218 381 2297 poteram,
402 2215 488 2278 idem
504 2216 660 2297 potarem,
682 2213 768 2297 quod
790 2233 893 2276 canes.
928 2212 1041 2296 Itaque

93 2304 215 2386 partem
237 2302 356 2385 inedia,
382 2303 501 2386 partim
528 2301 774 2387 purgationibus
799 2300 847 2363 ita
869 2299 1041 2364 exhaustus

95 2412 177 2472 sum,
199 2393 237 2454 ut
257 2391 394 2474 ipsemet
415 2391 520 2455 mirer.
565 2389 678 2475 Neque
700 2389 808 2453 minus
830 2389 956 2452 animus
979 2390 1042 2452 exi·

94 2479 223 2542 nanitus
250 2481 312 2560 est,
344 2499 416 2542 oum
448 2477 509 2542 hoa
539 2481 610 2542 toto
641 2481 785 2561 tempore
816 2477 898 2542 nihil
929 2479 1042 2562 legere,

95 2565 174 2629 nihil
201 2566 351 2648 seribere,
377 2566 459 2629 nihil
490 2566 638 2630 meditari
667 2566 800 2630 licuerit.
851 2564 955 2640 Quare
987 2566 1043 2629 illa

96 2657 158 2736 tua,
179 2675 261 2738 quae
284 2652 426 2718 ostendis
448 2657 480 2717 te
503 2674 572 2744 esse
594 2654 775 2737 missurum,
801 2653 902 2738 mitte,
925 2675 1043 2738 quaeso

97 2745 137 2824 te,
157 2763 254 2825 qnam
276 2742 415 2825 primum
437 2743 475 2804 ut
501 2749 541 2805 ad
561 2738 723 2806 homInem
745 2741 936 2805 famelicum.
973 2739 1043 2824 Sed,

99 2829 194 2892 amice
217 2849 347 2913 magne,
372 2829 441 2893 noli
462 2829 496 2892 id
518 2830 621 2893 faeere
644 2849 681 2892 ea
704 2849 773 2911 spe,
797 2850 860 2911 qua
883 2829 1043 2911 algnifioas

99 2917 164 2980 fore
186 2920 224 2979 ut
245 2937 264 2979 a
286 2937 336 2980 me
355 2917 492 3000 accipias
515 2913 637 3000 χρύσεα
660 2909 734 2979 ἀντὶ
761 2917 931 2997 χαλκείων.
957 2913 1043 2978 Nam

101 3007 132 3067 et
150 3005 207 3067 tua
229 3005 337 3068 omnia
359 3001 482 3088 χρύσεα
504 3005 598 3086 plane
613 3006 697 3084 sunt,
719 3001 844 3065 etmihi
861 3023 902 3064 ne
924 2997 1044 3083 χάλκεα

102 3091 223 3176 quidem
247 3095 324 3156 sunt
349 3093 443 3156 domi.
487 3091 618 3154 Imitare
644 3089 753 3173 potius
778 3088 945 3153 hominum
972 3109 1044 3152 vere

102 3180 275 3244 liberalium
301 3181 466 3264 ingenium
498 3181 592 3263 atque
621 3180 784 3259 naturam,
815 3177 870 3260 qui
896 3177 1045 3262 quiequid

15 3337 25 3354 ,
103 3271 240 3351 possunt,
262 3269 374 3350 ineos,
398 3288 477 3352 quos
491 3269 610 3350 amant,
628 3265 804 3350 conferunt,
821 3266 911 3330 nulla
925 3287 989 3350 spe,
1010 3270 1046 3329 ut

104 3355 145 3420 ait
156 3353 387 3441 Aristoteles,¹)
411 3355 585 3440 quidquam
599 3355 640 3419 ab
663 3355 709 3418 eis
722 3354 903 3438 reeipiendi.
936 3353 1046 3419 Saluta

170 3543 188 3614 ¹)
207 3544 272 3600 Eth.
291 3544 399 3600 Nicon.
418 3545 465 3614 IV,
485 3551 508 3601 2.
