2656 3910
515 223 695 278 EPISTOLA
713 223 798 278 XVII.
1090 220 1131 284 21

181 387 292 431 verum
319 364 391 453 est,)
420 370 452 432 et
483 367 593 432 videor
624 387 693 432 esse
725 367 854 451 aliquis:
886 368 962 449 post
992 365 1048 429 ubi
1079 364 1133 428 illc

183 454 274 538 quasi
296 459 411 520 ventus
433 454 565 538 resedit,
595 455 741 540 agnitum
765 475 905 519 errorem
927 475 1034 517 meum
1056 453 1133 516 taci-

182 546 235 607 tus
258 543 360 627 rideo,
387 564 500 626 meque
527 547 683 626 tanquam
706 543 746 607 ad
774 543 904 608 solitum
927 541 1061 625 cultum,
1088 539 1135 603 ita

183 631 224 694 ad
246 631 400 696 usitatam
421 631 511 696 illam
534 635 567 695 et
588 634 777 716 perpetuam
803 652 909 695 meam
931 629 970 694 de
992 649 1044 694 mc
1067 628 1134 711 opi-

182 719 314 782 nionem
339 719 453 784 refero.
499 717 561 784 Sed
587 719 668 784 haec
691 722 748 783 aut
769 719 804 782 in
827 717 914 782 aliud
936 720 1063 801 tempus
1086 738 1134 780 re-

185 827 355 890 servemus,
378 811 443 892 aut,
466 808 553 892 quod
576 807 676 872 satius
691 811 749 891 est,
771 807 807 870 in
828 809 1019 891 perpetuum
1042 805 1135 870 omit·

183 897 298 959 tamus.
324 894 399 981 Ego
416 898 458 979 te,
480 894 620 978 Sacrate,
641 917 701 978 pro
716 917 752 960 eo
777 917 814 959 ac
837 895 1010 979 singularis
1032 893 1136 958 virtus

184 985 217 1045 et
253 981 399 1046 doctrina
430 987 463 1047 et
498 985 648 1049 voluntas
685 1003 761 1067 erga
793 1004 844 1046 me
875 981 985 1046 multis
1016 983 1136 1044 testata

185 1068 300 1133 officiis
327 1070 483 1154 postulat,
505 1074 538 1134 et
560 1092 633 1134 amo
660 1073 693 1134 et
719 1070 830 1154 magni
856 1069 956 1152 facio,
978 1089 1081 1152 neque
1102 1067 1137 1131 id

184 1155 290 1220 iacere
313 1157 470 1241 desinam,
497 1158 598 1222 donec
620 1160 656 1221 tu
678 1158 719 1241 is,
748 1159 872 1240 quies,
900 1177 969 1221 esso
997 1156 1138 1239 desieris,

185 1243 271 1327 quod
294 1245 495 1328 exploratum
516 1245 620 1310 habeo
647 1267 814 1330 nunquam
835 1246 914 1311 fore.
950 1245 1058 1310 Ardeo
1081 1266 1134 1308 au·

184 1335 251 1396 tem
272 1333 405 1398 mirifica
428 1335 567 1418 quadam
594 1335 781 1419 cupiditate,
809 1335 837 1399 si
860 1355 924 1420 qua
951 1332 984 1397 id
1011 1333 1136 1397 ratione

186 1441 277 1485 ame
304 1422 413 1505 perfici
439 1427 560 1508 potest,
586 1427 624 1487 ut
650 1423 748 1488 etiam
773 1422 911 1506 posteris
938 1421 1034 1486 huius
1062 1441 1137 1486 con·

185 1507 359 1575 iunctionis
394 1514 524 1575 nostrae
559 1512 714 1576 memoria
749 1512 918 1594 prodatur,
954 1510 1137 1592 amicosque

186 1596 301 1661 vixisse
323 1619 399 1680 nos,
426 1619 493 1662 non
516 1600 664 1682 aequales
691 1597 787 1662 modo
810 1597 927 1679 nostri,
950 1598 1006 1662 sed
1028 1597 1138 1660 futura

187 1685 283 1748 etiam
306 1685 434 1750 saecula
458 1685 653 1768 intelligant.
698 1683 796 1748 Cuius
818 1685 866 1748 rei
893 1684 998 1768 gratia
1020 1684 1137 1748 consti·

186 1775 310 1836 tueram
342 1774 485 1855 repertas
513 1793 532 1836 1
563 1793 615 1836 me
641 1770 677 1836 in
704 1770 810 1836 Gallia
840 1791 945 1856 neque
971 1792 1073 1856 usque
1103 1770 1138 1834 in

186 1857 273 1922 hunc
296 1859 381 1923 diem
403 1882 423 1923 1
446 1881 607 1944 quoquam
630 1858 812 1945 divulgatae
825 1858 1000 1943 Victorini,
1022 1859 1139 1924 veteris

188 1963 255 2007 non
277 1945 415 2008 rhetoris
438 1947 543 2030 modo,
565 1949 620 2012 sed
640 1947 824 2032 philosophi
838 1969 966 2033 quoque
989 1967 1026 2013 ac
1047 1946 1138 2011 theo-

188 2030 268 2114 logi,
295 2030 533 2096 lucubrationes
560 2034 597 2098 in
626 2036 790 2117 publicum
817 2036 976 2120 emittere,
1003 2057 1139 2119 cumque

188 2118 222 2182 in
237 2117 282 2184 eis
305 2118 513 2185 emendandis
527 2142 595 2186 non
616 2142 752 2205 parvum
773 2123 916 2188 laborem
930 2123 1140 2206 sustulissem,

188 2206 229 2270 ad
252 2211 284 2272 te
305 2206 511 2292 potissimum
524 2209 651 2274 mittere
670 2212 703 2274 et
723 2209 785 2274 tibi
799 2211 891 2295 quasi
914 2210 1028 2294 dicare,
1052 2210 1139 2294 quic-

189 2295 265 2380 quid
291 2295 327 2360 in
354 2296 399 2360 eis
426 2317 498 2361 mea
525 2297 684 2365 industria
710 2298 859 2363 effectum
886 2301 983 2363 esset:
1012 2298 1140 2382 iamque

187 2383 220 2446 id
242 2383 402 2467 fecissem,
429 2385 490 2450 nisi
514 2407 565 2450 me
589 2387 754 2471 quiddam,
782 2386 867 2472 quod
895 2385 1068 2471 aliquando
1091 2386 1140 2450 in-

188 2471 323 2556 telliges,
344 2473 547 2539 retardasset.
580 2474 629 2540 Tu
650 2475 783 2558 interea,
805 2475 850 2540 mi
864 2473 1003 2558 Sacrate,
1025 2493 1141 2560 perges

189 2579 296 2623 amare
324 2580 389 2643 me,
415 2564 452 2624 ut
477 2562 571 2646 facis,
597 2563 721 2648 tibique
744 2566 831 2628 certo
861 2562 1080 2649 persuadebis,
1107 2566 1140 2626 te

189 2667 282 2710 ame
308 2647 423 2712 merito
450 2651 507 2714 tuo
535 2650 724 2717 mirabiliter
750 2652 860 2716 amari.
905 2650 1059 2717 Salutabo
1082 2654 1140 2714 tuo

188 2735 320 2800 nomine
341 2735 543 2820 Ianinellum,
566 2739 791 2822 cumprimum
806 2761 879 2804 eum
900 2740 1020 2806 videro.
1049 2737 1141 2804 Vale.

189 2845 217 2886 v.
239 2821 286 2888 Id.
309 2821 394 2888 Sext
415 2842 559 2890 sinaxin.
581 2825 713 2891 Romae.

612 3101 717 3168 XVII.

509 3221 626 3278 EIDEM
644 3222 818 3280 SAGRATO.

254 3345 283 3412 Ε
306 3351 363 3414 tuo
386 3351 454 3414 tam
478 3348 629 3416 diuturno
643 3350 771 3416 silentio
795 3352 975 3435 suspicatus
990 3373 1086 3436 eram,
1107 3355 1142 3415 te

187 3433 336 3500 Ferraria
359 3437 483 3521 abesse,
504 3437 640 3523 ideoque
661 3439 730 3521 ipse
754 3460 881 3523 quoque
903 3440 1140 3503 intermiseram

188 3524 334 3608 scribere,
348 3523 450 3590 donec
472 3524 552 3589 mihi
565 3523 743 3591 Martellius
765 3527 914 3612 primum,
933 3526 1047 3591 deinde
1061 3526 1140 3590 Lae-
