2658 3914
495 221 613 276 CAPUT
632 221 701 275 LVI.
1009 221 1073 284 193

116 364 213 430 modo
236 365 341 429 vivere
364 365 543 446 patiuntur:
567 365 614 428 ait
636 364 734 448 enim,
763 384 818 428 eos
840 384 907 428 non
930 364 1073 428 animad-

118 455 253 535 vertere,
281 472 315 516 se
341 451 377 514 in
399 473 437 516 eo
460 452 693 536 imprudentiae
721 472 758 516 ae
780 450 954 515 temeritati
976 451 1072 516 lieen-

117 539 197 604 tiam
221 538 262 603 ad
283 539 445 604 faciendas
459 539 592 604 iniurias
606 540 690 604 dare.
735 539 842 624 Atque
864 540 928 605 boo
942 539 1073 622 exponit

117 627 168 691 hia
196 627 316 690 verbis:
344 620 429 690 ὥσθ’
459 627 495 691 ot
519 624 562 710 μὴ
589 628 647 710 τῆς
673 621 802 734 dirutas
828 623 950 710 ταύτης
972 625 1072 710 ἐρρω-

117 711 225 796 μένως
252 707 573 822 ἀντιλαμβανόμενοι
603 715 643 800 τῇ
675 717 774 800 ανοίᾳ
801 711 953 790 διδόντες
984 713 1073 792 ἐξον-

118 803 197 865 σίαν
220 799 271 865 ἐπὶ
293 797 334 865 τὰ
357 798 542 885 αὸινήματα
568 799 788 867 λανθάνουσι.
833 801 895 866 Sed
921 802 974 866 hie
997 824 1072 886 quo·

118 910 181 972 que
203 889 243 974 τῇ
267 889 400 976 διανοίᾳ
422 911 590 974 perperam
613 890 647 953 in
670 890 811 973 vulgatis
834 889 924 953 libris
947 890 1073 973 legitur.

472 1131 615 1199 CAPUT
638 1132 720 1198 LVI.

118 1253 181 1318 QUI
210 1253 293 1308 SINT
316 1253 454 1308 VERSUS
485 1255 688 1308 ΙΣΟΨΗΦΟΙ.
732 1251 982 1307 DECLARATUM
1004 1252 1074 1306 EPI-

119 1340 278 1394 GRAMMA
301 1339 484 1396 GRAEOUM.
525 1340 616 1394 ITEM
637 1339 799 1406 ALIQUOT
822 1339 1074 1405 QUAESTIONES

137 1426 333 1496 Lemonum,
353 1428 450 1493 QUAE
468 1427 566 1482 APUD
586 1428 750 1484 GELLIUM
767 1427 1052 1497 PROPONUNTUR,

477 1514 712 1570 DISSOLUTAE.

187 1635 265 1700 Non
292 1638 438 1726 equidem
465 1660 607 1722 unquam
634 1641 782 1722 cuiquam
810 1644 921 1705 auetor
948 1641 1074 1724 fuerim,

121 1728 157 1789 ut
186 1727 320 1808 quaerat
351 1725 435 1808 apud
462 1725 638 1790 Homerum
669 1747 779 1792 versus
812 1725 1014 1811 ἰσοψήφονςς
1048 1729 1074 1791 si

121 1813 193 1896 quis
215 1816 325 1875 tamen
347 1834 450 1898 neque
468 1814 579 1897 habet,
603 1813 687 1896 quod
710 1818 799 1899 agat,
818 1818 855 1878 et
876 1816 958 1879 nihil
981 1836 1074 1921 agere

120 1921 188 1964 non
210 1903 329 1983 potest,
352 1902 500 1966 indicabo
524 1901 561 1985 ei,
585 1902 638 1985 qui
661 1923 771 1966 versus
795 1901 941 1966 dieantur
959 1905 1075 1986 ἰσοψη-

120 2010 195 2070 φοιε
218 2008 298 2071 quos
322 1989 349 2052 si
373 2009 523 2072 quaerere
546 1991 659 2071 postea
680 1989 780 2071 volet,
801 1991 985 2073 praestabo,
1007 2013 1075 2055 non

121 2075 229 2139 defore
260 2075 308 2138 illi
339 2075 394 2139 ubi
428 2096 461 2138 se
493 2077 645 2138 exerceat.
704 2073 784 2139 Cum
816 2076 915 2158 igitur
949 2078 1074 2141 litterae
1100 2087 1102 2091 ’

122 2161 316 2227 Graecorum
339 2163 435 2225 etiam
459 2161 498 2224 ad
525 2181 676 2224 numeros
699 2159 938 2243 significandos,
960 2167 997 2226 ut
1018 2185 1074 2240 no:

123 2255 192 2314 tum
216 2253 277 2332 est,
300 2249 524 2330 adhibeantur,
553 2269 690 2331 quorum
712 2267 860 2311 versuum
885 2270 996 2314 omnes
1023 2251 1075 2313 lit-

122 2342 210 2402 terae
236 2358 295 2420 pro
321 2339 463 2401 numeris
486 2339 633 2418 acceptae
661 2336 796 2399 eundem
819 2356 987 2399 numerum
1009 2338 1075 2400 effi-

122 2428 232 2489 cerent
254 2445 291 2487 ao
305 2426 551 2506 constituerent,
574 2445 629 2488 eos
642 2444 753 2487 versus
772 2420 961 2506 ἰσοψήφους
983 2447 1074 2489 voea-

122 2514 212 2576 bant.
270 2509 349 2574 Eius
384 2513 430 2574 rei
467 2512 647 2594 exemplum
685 2511 853 2576 ostendam
884 2512 919 2574 in
952 2512 1075 2578 duobus

122 2599 322 2678 nominibus,
336 2598 509 2683 eademque
524 2600 691 2664 declarabo
704 2601 904 2684 epigramma
918 2599 1076 2666 Graecum

122 2687 238 2751 incerti
261 2687 399 2750 auctoris
422 2687 535 2750 elibro
554 2687 691 2752 seeundo
706 2687 966 2774 Anthologiasb,
990 2690 1076 2774 quod

122 2774 179 2857 qui
203 2773 381 2856 explicarit,
402 2775 564 2838 neminem
578 2775 681 2839 adhue
694 2775 786 2840 video
809 2776 977 2840 exstitisse.
1007 2777 1075 2839 Pri·

123 2880 214 2924 mum
236 2859 334 2940 igitur
355 2861 432 2938 illud
457 2862 648 2927 adscribam:

170 2975 377 3062 Δαμαγόραν
399 2982 451 3046 καὶ
476 2981 595 3067 λοιμὸν
618 2979 788 3065 ίσόψηφόν
810 3006 859 3058 τις
881 2977 1024 3059 ἀκούσας

205 3060 339 3147 Ἕστησ’
366 3062 561 3154 ἀμφοτέρων
583 3067 644 3135 τὸν
666 3066 792 3152 τρόπον
815 3069 849 3133 ἐκ
872 3066 1025 3146 κανόνος.

163 3148 222 3228 Ὡς
244 3147 281 3216 τὸ
305 3151 403 3236 μέρος
426 3153 462 3220 δὲ
476 3151 658 3222 καθείλκετ’
684 3152 891 3222 ιἰνελκνσθὲν
908 3153 945 3222 τὸ
960 3155 1079 3222 τάλαν·

902 3269 922 3308 ν

170 3323 390 3411 Δαμαγόρον,
413 3327 534 3414 λοιμὸν
557 3327 588 3396 d'
615 3322 711 3417 εὗρεν
735 3268 968 3420 ἐλαφρόόόρον.

198 3517 218 3586 ¹)
238 3515 268 3570 T.
288 3516 334 3570 IV.
353 3534 381 3584 p.
401 3525 451 3573 135
470 3520 512 3574 ed.
531 3521 641 3578 Jacobs.

176 3622 273 3662 neam
285 3631 318 3662 aa
333 3631 382 3662 aru.
395 3624 427 3664 11.
833 3619 864 3666 13
