2656 3910
227 231 271 295 50
542 229 721 286 EPISTOLA
738 230 863 287 XXXIV.

228 374 314 438 aliud
337 374 406 456 erit,
429 374 550 459 dequo
574 374 766 438 sententiam
788 395 892 438 meam
916 394 1108 459 cognoscere
1130 397 1192 440 cn-

227 463 308 546 pias,
331 462 476 544 scribit03
499 482 567 528 non
590 462 802 547 committam,
824 465 861 526 ut
884 462 1058 548 quidquam
1081 484 1101 526 a
1123 485 1191 548 me,
1308 511 1309 520 i

229 551 315 635 quod
342 569 402 634 ego
430 549 558 633 quidem
585 552 748 632 praestare
776 550 912 633 possim,
937 550 1057 615 11111111
1082 553 1190 634 petas.

228 639 314 702 Amo
337 637 423 700 enim
444 640 477 701 te
499 637 716 721 vehementer,
743 641 813 702 turn
836 638 921 721 quod
948 638 1058 703 multis
1080 639 1189 702 nomi-

228 725 324 789 nibus
348 724 556 808 dignissimus
578 746 612 790 es
635 726 691 810 qui
713 725 839 807 ameris,
861 728 932 790 tum
955 726 1044 810 quod·
1062 726 1110 790 111
1132 748 1189 791 me

230 833 329 898 amas,
350 815 389 876 ut
409 812 655 878 inhumanitatis
677 816 790 877 notam
808 813 945 898 effugere
963 834 1032 878 non
1052 814 1190 898 possim,

229 900 294 964 nisi
315 899 377 964 tibi
398 899 434 964 in
456 922 564 966 amore
586 900 805 986 respondeam
837 899 927 965 Vale.
945 900 1076 965 Romae.
1099 901 1190 966 Prid.

141 1028 145 1036 -
231 987 277 1052 Id.
300 987 436 1073 Aprilis,
468 989 518 1053 die
554 989 625 1072 ipso
661 989 762 1052 natali
789 989 875 1072 meo,
912 1009 1007 1072 quem
1039 991 1076 1052 tu
1105 989 1191 1053 mihi

230 1076 372 1141 faustum
399 1098 437 1140 ac
463 1077 589 1142 felicem
611 1096 769 1160 praecare.
795 1093 926 1140 11111111.
972 1074 1084 1140 Saluta
1104 1077 1191 1140 mihi

232 1163 417 1228 Giabcrtum
439 1185 560 1228 meum:
583 1166 644 1230 etsi
667 1166 697 1230 ei
717 1164 878 1229 subiratus
893 1183 973 1247 sum,
996 1163 1081 1247 quod
1096 1164 1188 1248 quid·

232 1251 340 1315 dama
361 1272 412 1315 me
427 1250 520 1314 sibi
510 1273 546 1314 m
559 1253 683 1318 arcanis
706 1251 912 1318 commissum
934 1251 1097 1316 continere
1119 1273 1190 1316 non

231 1360 274 1423 po
275 1339 345 1404 tuit.
391 1337 530 1402 Veniam
550 1338 648 1423 istuc,
669 1343 706 1404 ut
728 1359 835 1423 spero,
862 1359 971 1403 mense
998 1338 1085 1403 Maio
1113 1360 1189 1423 pro·

232 1426 318 1490 ximo
351 1428 384 1489 ct
417 1446 570 1508 praesens
603 1427 643 1491 ab
678 1449 715 1492 eo
752 1447 872 1527 poenas
904 1447 1078 1510 reposcam
1125 1425 1190 1501 Qui

233 1513 319 1578 enim
341 1515 469 1578 tantum
491 1513 632 1580 triduum
656 1514 865 1597 domi1psius
888 1534 957 1579 esse
978 1514 1190 1598 decreveram,

233 1601 407 1666 ulciscendi
429 1622 542 1666 causac
563 1605 649 1668 totos
673 1625 729 1670 sex
751 1601 818 1667 dies
841 1601 988 1666 manebo.
1033 1601 1086 1666 Ad
1113 1623 1190 1666 enm

233 1691 371 1754 scribere
402 1711 489 1754 nunc
514 1711 581 1755 non
612 1691 688 1756 licet
712 1711 771 1776 per
803 1689 1042 1774 occupationes:
1072 1711 1190 1776 prope-

234 1779 319 1842 diem
341 1777 488 1843 scribam.

632 1915 790 1928 -——-

635 2053 784 2120 XXXIV.

526 2175 642 2231 eloam
666 2174 896 2232 OARDANETO.

301 2301 432 2368 Nemini
460 2305 516 2366 aut
542 2301 720 2366 mirabilius
743 2304 793 2365 est
816 2304 872 2366 aut
897 2301 1064 2368 molestius
1091 2324 1190 2388 quam

236 2391 325 2474 mihi,
347 2396 415 2455 tam
437 2390 492 2452 diu
511 2388 631 2453 differri
653 2387 824 2452 adventum
839 2389 880 2453 ad
898 2411 955 2455 vos
978 2412 1094 2455 mcum.
1126 2389 1191 2456 Sed

236 2479 344 2542 nescio
368 2498 431 2562 quo
453 2477 549 2542 modo
571 2479 622 2540 111
643 2476 708 2540 iam
721 2477 867 2562 contigit,
888 2479 933 2560 ut,
956 2498 1029 2542 cum
1050 2479 1086 2543 in
1103 2479 1191 2544 111111

237 2567 312 2630 dare
344 2587 395 2629 me
426 2565 554 2648 vellem,
585 2564 711 2648 iamque
745 2565 919 2630 sarcinulas
955 2587 1191 2650 componerem,

237 2654 344 2719 subito
377 2652 534 2718 exstiterit
519 2651 680 2737 taliquid
711 2652 878 2736 improvisi
905 2654 1000 2739 atque
1030 2655 1191 2738 inopinati

237 2742 465 2827 impedimenti
510 2740 622 2842 Itaque
644 2741 727 2804 nihil
754 2741 890 2824 amplius
914 2762 952 2806 11
974 2741 1013 2806 dc
1040 2763 1075 2807 ra
1097 2743 1189 2808 vobis

236 2834 342 2899 habco
368 2829 525 2916 polliceri,
551 2828 615 2894 nisi
640 2828 720 2892 illud
747 2832 831 2893 certe
858 2829 937 2894 mihi
965 2830 1070 2895 excuti
1099 2830 1189 2896 nullo

237 2923 333 3023 modq
359 2923 483 3005 potest:
453 2915 701 2984 tveniendum
727 2919 850 3000 tamen,
877 2920 910 2981 et
937 2939 1018 3019 quae
1050 2915 1191 3025 obstant,

238 3009 347 3078 omnia
374 3006 667 3094 qualibetrtatione
695 3006 880 3089 superatum
906 3005 955 3070 iri.
1001 2999 1108 3071 Sed’
1090 3029 1191 3090 uppu-

238 3099 316 3165 λέον
346 3098 480 3182 πρᾶγμα
511 3095 616 3159 alieno
648 3093 781 3159 arbitrio
813 3092 931 3176 civcre3
962 3093 1131 3177 praecipue
1164 3094 1192 3159 si

239 3189 310 3271 quis
334 3185 364 3249 ei
386 3185 517 3265 serviat,
539 3182 595 3267 qui
620 3202 680 3265 pro
704 3203 761 3248 suo
788 3142 955 3246 commodo
979 3182 1088 3246 omnia
1114 3181 1191 3247 alio·
1310 3151 1311 3210 l

238 3297 311 3340 rum
341 3231 544 3338 incommoda
569 3289 637 3332 non
663 3269 759 3332 nauci
783 3268 891 3370 faciat
935 3267 1094 3354 Equidem
1124 3291 1192 3336 ma·

238 3363 334 3427 nibus
357 3359 568 3444 pedibusque,
590 3358 628 3420 ut
649 3355 777 3440 dicitur,
801 3355 910 3422 omnia
931 3357 1057 3440 faciam,
1078 3360 1116 3420 ut
1137 3378 1192 3422 vo-

238 3451 363 3516 biscum
384 3469 450 3512 una
473 3467 542 3512 esse
564 3443 686 3529 possim
714 3448 789 3509 ante
811 3443 973 3510 Kalendas
995 3407 1109 3509 Iulias:
1137 3445 1194 3510 ssd

239 3539 268 3604 si
290 3538 324 3603 id
349 3557 417 3601 non
443 3537 572 3620 potero,
599 3536 684 3598 certe
712 3532 840 3617 quidem
867 3552 977 3599 mense
1004 3531 1193 3618 Septembri,
