2658 3914
521 220 641 276 CAPUT
660 221 743 275 XLII.
1042 171 1120 282 l'l5¹

488 429 638 498 CAPUT
659 431 758 498 XLII.

224 535 419 591 EMENDATI
436 533 522 589 LOOI
540 534 701 600 ALIQUOT
719 534 769 589 EX
786 533 902 590 PRIMO
920 533 1029 589 LIBRO

183 623 381 679 ANNALIUM
404 621 527 696 raom
548 622 596 678 AB
619 621 780 677 Excusso
802 623 880 676 DIVI
902 620 1069 678 AUGUSTI.

215 730 318 796 Multa
344 731 410 797 iam
436 730 561 814 pridem
587 733 775 794 notaveram
802 730 837 793 in
864 727 898 795 O.
922 728 1106 795 Cornelium

150 818 243 884 Tacit
228 821 307 901 ι,ιιιιι
330 838 489 903 ecque,u
466 818 628 899 ιιιι,ο1οο
651 838 724 881 cum
751 818 861 881 amicir
882 819 1106 918 compluribus

152 907 470 1007 communicaveram,
493 867 738 990 cogiteb⁷amque
754 926 840 987 eum,
863 904 891 968 si
912 904 1041 968 daretur
1055 925 1105 970 oc-

151 994 251 1078 casio,
274 994 366 1058 edere
389 1015 409 1058 a
430 994 540 1058 multis
564 993 669 1057 studio
692 993 789 1076 etque
812 1012 909 1075 opera
928 1013 1000 1056 mea
1023 1013 1107 1057 err-o

151 1104 223 1148 rum
254 1081 388 1146 maculis
417 1081 620 1147 vindicatum.
674 1077 736 1144 Sed
768 1079 844 1144 dum
877 1079 960 1142 diem
989 1101 1028 1143 ex
1057 1079 1106 1144 die

151 1170 231 1235 duco
259 1173 448 1253 exspectans
476 1169 544 1233 eius
573 1167 658 1251 quod
680 1167 788 1232 animo
811 1186 1019 1250 conceperam
1042 1167 1107 1230 effi·

151 1257 255 1323 ciendi
269 1260 365 1342 atque
380 1255 572 1341 exsequendi
584 1258 652 1320 mat
653 1277 703 1318 ιιιι
694 1255 816 1319 tatem:
840 1275 912 1319 ecce
926 1255 986 1319 tibi
999 1254 1069 1320 Iust
1055 1258 1107 1320 tus

150 1345 292 1430 Lipsius,
316 1345 502 1410 adolescens
516 1343 654 1429 elegant
645 1367 657 1406 1
674 1343 806 1428 ingenio
828 1343 992 1426 praeditus
1014 1343 1107 1406 mihi-

151 1456 222 1519 que,
251 1433 328 1498 dum
350 1433 472 1498 Romae
495 1432 570 1517 fuit,
597 1430 837 1517 perfamiliaris,
868 1434 936 1494 tam
965 1431 1018 1495 diu
1047 1431 1108 1495 sibi

153 1521 368 1586 cunctandum
390 1541 459 1585 esse
481 1541 550 1584 non
571 1520 707 1604 putavit.
758 1516 820 1583 Sed
843 1539 916 1583 oum
939 1518 1007 1600 ipse
1032 1539 1107 1602 quo-

154 1629 214 1692 que
238 1628 279 1672 ex
298 1608 460 1672 veteribus
480 1607 581 1689 libris,
604 1627 685 1690 quos
698 1605 752 1668 hio
769 1608 884 1669 nactus
907 1609 985 1686 eret,
1008 1606 1110 1669 multa

154 1695 356 1779 correxisset,
382 1693 540 1758 nonnulla
567 1693 664 1756 etiam
688 1693 779 1756 acute
808 1692 876 1755 οι
866 1693 1034 1775 mgeniose
1058 1713 1108 1756 ex-

154 1783 337 1867 cogitasset,
350 1780 452 1846 Τοοιι
428 1783 454 1846 ιι
475 1779 576 1845 libros
591 1802 610 1844 a
633 1800 667 1844 se
681 1779 867 1844 emendatos
882 1782 914 1843 οι
931 1779 1109 1845 illustratos

153 1869 338 1954 publicavit.
383 1867 540 1944 Quicum
564 1868 604 1931 ad
627 1888 678 1931 me
705 1867 822 1949 perlati
844 1869 965 1952 essent,
993 1889 1110 1951 eosque

154 1977 220 2021 una
256 1976 315 2040 ego
352 1960 385 2020 οι
415 1953 584 2020 Gisbertus
616 1953 726 2020 Oddus
762 1953 950 2039 Perusinus,
982 1956 1109 2040 quicum

155 2064 215 2130 ego
239 2047 314 2108 ante
336 2043 396 2109 hos
419 2042 586 2144 duodecim
613 2063 717 2107 annos
738 2041 963 2107 Tacitumt
912 2045 963 2107 ιοι
963 2065 1018 2107 um
1041 2043 1110 2107 dili·

155 2135 269 2217 genter
296 2133 489 2213 evolveram,
517 2129 640 2195 curiose
663 2150 736 2194 οιιιιι
760 2151 811 2213 οο,
838 2131 894 2213 qui
919 2133 989 2194 tum
1018 2151 1110 2194 ame

156 2218 342 2285 emendetur
357 2222 439 2302 erat,
462 2217 607 2284 conferre
621 2239 658 2283 ac
676 2217 869 2282 contendere
888 2218 1111 2302 coepissemus,

156 2307 422 2392 deprehendimus
430 2269 483 2371 ita
496 2327 590 2391 saepe
603 2305 774 2371 incurrisse
782 2308 955 2390 utrumque
963 2310 1111 2370 nostrum

156 2395 191 2458 in
218 2395 330 2459 eadem
351 2394 503 2478 vestigia,
529 2396 579 2477 ιιι,
608 2393 663 2478 qui
685 2414 753 2458 rem
775 2414 844 2459 non
865 2397 986 2477 nosset,
1008 2395 1110 2476 plera-

158 2502 218 2565 que
233 2482 406 2564 sumpsisse
420 2483 557 2546 alterum
571 2482 612 2546 ab
626 2481 727 2546 altero
746 2481 971 2564 suspicaretur.
1008 2479 1111 2556 Quam

158 2573 266 2632 tamen
288 2569 503 2652 suspicionem
526 2590 545 2632 a
567 2589 631 2653 me,
654 2570 681 2634 si
703 2568 784 2632 nihil
807 2569 894 2632 aliud
899 2572 1111 2652 ,temporum

157 2657 238 2720 ratio
261 2656 355 2722 facile
379 2657 491 2722 emolit
491 2678 530 2720 ur
534 2677 667 2740 ,neque
681 2657 825 2721 cadere
815 2678 851 2721 ιιι
864 2619 1010 2739 Lipsium
1034 2656 1112 2720 sinit

156 2745 265 2809 fides
256 2745 357 2830 rpsius
381 2765 419 2809 ac
440 2707 599 2829 probitas,
626 2765 690 2828 qua
711 2744 766 2808 ille
788 2765 857 2808 non
883 2745 990 2808 minus
1014 2766 1111 2844 quam

156 2832 287 2916 ingenio
321 2833 454 2897 excellit
509 2831 645 2897 Gavisus
678 2853 749 2896 sum
781 2831 991 2914 adolescenti,
1023 2832 1111 2895 cuius

157 2939 218 3003 ego
233 2920 387 2984 crescenti
410 2919 530 3004 gloriae
551 2919 725 3002 plurimum
746 2917 848 3001 faveo,
869 2920 995 2981 tantam
1018 2918 1111 2981 exsti-

157 3007 235 3071 tisse
257 3027 382 3070 mecum
404 3006 456 3071 his
479 3026 605 3091 quoque
627 3005 663 3069 in
684 3006 780 3069 rebus
807 3005 1052 3069 consensionem
1075 3026 1112 3069 ac

157 3093 267 3159 iudicii
289 3093 547 3158 similitudinem:
570 3095 733 3158 ettamen
755 3113 858 3175 pauca
880 3091 1050 3176 quaedam,
1077 3093 1112 3156 in

157 3205 294 3267 quorum
320 3181 485 3247 nonnullis
512 3202 579 3247 ιιοιι
605 3201 737 3266 prorsus
759 3179 840 3244 mihi
862 3201 935 3244 cum
956 3180 1012 3245 illo
1036 3200 1111 3245 con-

159 3271 258 3354 venit,
290 3270 488 3335 subiicienda
515 3269 603 3354 duxi,
633 3290 701 3334 non
727 3271 796 3332 tam
823 3267 967 3332 certandi
996 3267 1111 3351 studi0,

158 3380 253 3441 quam
275 3360 408 3442 propter
422 3379 571 3441 amorem,
593 3360 631 3421 ut
644 3357 690 3421 ait
702 3358 794 3422 vetus
807 3353 944 3442 po'e'ta1).
966 3354 1111 3420 Primum

231 3529 251 3599 ¹)
269 3529 415 3586 Lucretius
433 3531 468 3586 de
486 3529 548 3586 Iter.
568 3530 632 3584 Nat.
652 3530 699 3586 ΙΙΙ.
718 3535 744 3588 ι.
