2658 3914
238 251 300 314 116
603 249 818 305 PRAEFATIO.

236 397 359 460 solutus
393 414 512 477 magno
546 394 579 456 et
606 393 703 456 alacri
731 393 839 458 animo
871 413 1058 477 persequor:
1085 415 1190 479 neque

237 505 314 548 sane
338 481 517 563 committo,
544 483 581 544 ut
608 481 663 563 qui
692 502 743 544 me
765 481 826 545 tibi
848 484 1004 565 tanquam
1026 481 1191 548 hominem

236 574 270 634 et
282 592 349 634 non
371 569 575 650 ineruditum,
598 571 631 632 et
645 568 832 633 eruditionis
847 590 885 633 ac
899 568 1062 634 doctrinae
1081 570 1190 634 sitien-

236 658 397 722 tissimum
421 656 698 738 commendarunt,
722 677 795 720 cum
822 657 857 720 in
879 657 935 721 illo
958 659 1064 740 priore
1086 658 1190 722 indul·

238 745 339 810 serint
371 744 473 808 amori
504 764 581 829 erga
611 765 662 807 me
696 765 768 826 suc,
798 744 835 808 in
865 744 927 808 hcc
959 745 1056 809 etiam
1089 747 1189 810 altero

237 832 341 897 eidem
364 832 516 914 obsecuti,
540 852 576 895 ac
598 852 667 896 non
684 831 793 915 potius
816 831 857 915 id,
881 832 967 916 quod
990 834 1191 916 exploratum

237 921 403 1004 haberent,
426 941 499 984 vere
514 919 599 1002 apud
620 922 653 984 te
675 920 786 983 testati
810 940 879 984 esse
893 920 1070 985 videantur.
1098 919 1191 997 Quod

238 1031 311 1073 cum
324 1009 417 1091 facie,
440 1008 590 1091 primum,
613 1026 676 1092 quo
689 1007 772 1071 nihil
786 1007 909 1072 dulcius
923 1012 981 1091 est,
1003 1008 1086 1072 nihil
1101 1013 1191 1093 opta-

237 1097 346 1180 bilius,
377 1099 512 1160 naturae
539 1116 628 1158 meae
656 1096 905 1179 propensionem
932 1117 1057 1180 sequor.
1107 1096 1191 1162 Vere

238 1185 324 1249 enim
346 1184 409 1248 hcc
431 1184 492 1247 tibi
515 1183 675 1247 affirmare
697 1204 842 1268 possum,
866 1183 894 1247 si
917 1184 987 1267 quis
1010 1185 1090 1248 mihi
1113 1185 1190 1250 deus

239 1293 350 1336 omnes
382 1292 474 1356 epse,
504 1271 614 1335 omnia
641 1271 822 1354 commoda,
854 1291 983 1336 omnem
1012 1273 1190 1355 potentiam

237 1362 407 1443 proponat,
431 1379 469 1422 ea
490 1359 561 1442 lege
585 1379 622 1421 ac
643 1358 835 1441 conditione,
857 1361 894 1422 ut
916 1360 1015 1423 semel
1032 1361 1191 1444 deponam

237 1447 316 1511 haec
340 1446 447 1511 studia
469 1449 502 1510 et
523 1445 582 1510 hac
606 1447 842 1529 qualescunque
864 1446 1048 1530 litterulas,
1064 1449 1190 1513 altrices

239 1535 472 1600 adolescentiae
486 1555 586 1617 meae,
608 1533 780 1598 fidissimae
794 1555 940 1598 meorum
955 1537 1098 1600 omnium
1111 1539 1191 1601 tem·

237 1645 354 1708 porum
375 1622 507 1687 comites
522 1620 679 1685 deseram:
703 1643 869 1705 nunquam
888 1622 922 1686 id
943 1623 1191 1709 faciamusque

239 1713 410 1796 quicquam
432 1710 517 1774 tanti
539 1731 608 1774 esse
632 1710 754 1794 ducam,
778 1711 863 1794 quod
886 1713 1001 1775 mereri
1023 1712 1132 1796 velim,
1155 1715 1192 1776 ut

238 1821 258 1863 a
272 1799 462 1864 suavissimo
477 1819 586 1862 earum
601 1798 749 1881 amplexu
768 1801 801 1862 et
814 1798 1024 1865 contubernio
1043 1801 1190 1864 abducar.

241 1886 359 1969 Quare,
386 1889 424 1950 ut
446 1885 524 1969 dixi,
553 1907 625 1949 cum
647 1885 682 1948 in
710 1907 764 1950 eas
787 1889 857 1950 toto
880 1889 1008 1968 pectore
1030 1888 1191 1970 incumbe,

238 1976 374 2038 naturae
401 1994 491 2037 meae
519 1994 630 2056 pareo,
661 1973 757 2058 idque
786 1973 884 2057 facio,
916 1975 1002 2058 quod
1032 1977 1059 2039 si
1086 1975 1191 2040 facere

241 2064 379 2144 vetarer,
409 2061 540 2126 vitalem
577 2061 656 2124 mihi
692 2083 761 2126 esse
797 2062 898 2126 vitam
932 2083 1000 2126 non
1035 2067 1191 2146 putarem.

238 2150 377 2233 Deinde,
400 2171 464 2234 quc
487 2149 567 2212 mihi
593 2149 675 2213 nihil
701 2151 790 2232 prius
818 2171 856 2214 ac
881 2149 988 2231 potius
1016 2171 1119 2234 neque
1142 2155 1193 2215 est

238 2260 343 2323 neque
366 2259 435 2302 esse
450 2237 553 2319 debet,
575 2237 734 2301 voluntati
756 2239 831 2300 tuae
844 2258 965 2301 morem
980 2257 1065 2320 gero.
1089 2235 1191 2320 Saepe

239 2327 326 2391 enim
348 2325 437 2409 mihi,
460 2346 540 2409 quae
562 2327 620 2388 tua
638 2329 687 2388 est
703 2324 898 2406 humanitas,
920 2323 1098 2407 affirmasti,
1119 2327 1191 2389 nul-

239 2416 307 2478 lum
329 2414 390 2477 tibi
413 2435 433 2476 a
450 2434 501 2476 me
516 2432 618 2497 genus
637 2412 781 2497 obsequii
795 2411 952 2496 praestari
966 2433 1060 2494 posse
1081 2412 1192 2476 iucun-

240 2503 325 2580 dius,
348 2522 459 2584 quam,
487 2501 514 2564 si
538 2521 632 2565 omne
659 2503 787 2584 tempus
815 2500 972 2564 arbitratu
994 2521 1067 2566 mec
1093 2522 1192 2584 pone-

240 2611 308 2653 rem
330 2589 365 2653 in
387 2588 512 2672 litteris,
534 2591 568 2652 et
589 2588 710 2674 aliquid
734 2589 873 2672 assidue,
901 2592 1058 2673 quantum
1084 2590 1119 2653 in
1141 2611 1192 2654 me

240 2679 334 2760 essct,
358 2677 552 2760 excuderem,
575 2677 661 2759 quod
683 2677 817 2740 etmihi
840 2680 1039 2759 ornamento,
1067 2680 1100 2740 et
1121 2677 1193 2741 aliis

241 2765 327 2849 usui,
349 2768 382 2829 et
403 2765 464 2830 tibi
488 2762 705 2830 oblectationi
722 2784 791 2828 esse
818 2766 937 2847 porset.
981 2762 1094 2848 Neque
1117 2785 1193 2830 vero

241 2875 302 2938 me,
324 2856 361 2918 ut
382 2852 416 2918 id
429 2853 554 2936 faciam,
577 2851 723 2916 oratione
736 2853 865 2915 tantum
878 2850 1065 2935 cohortaris,
1082 2873 1193 2917 verum

242 2943 341 3007 etiam
363 2942 517 3025 exemplo.
554 2938 637 3016 Quid
660 2939 746 3003 enim
768 2939 872 3004 tacere
885 2961 945 3005 nos
969 2943 1106 3024 oportet,
1126 2939 1193 3024 qui·

242 3051 367 3114 cunque
389 3030 454 3093 tuis
473 3029 587 3113 opibus
609 3048 676 3092 ncn
700 3027 795 3092 aliam
810 3029 851 3092 ob
874 3049 1020 3092 caussam
1042 3028 1194 3110 fovemur,

244 3120 470 3201 sustentamur,
493 3137 654 3199 ornamur,
678 3137 774 3200 quam
788 3117 826 3180 ut
847 3116 882 3179 in
904 3115 955 3180 hi·
979 3115 1092 3180 studiis
1107 3115 1194 3180 omni

244 3204 440 3288 cogitatione
463 3204 573 3286 defixa,
597 3203 663 3268 dier
686 3207 860 3287 noctesque
883 3223 1100 3267 exerceamur:
1123 3224 1195 3267 cum

244 3292 286 3374 te,
308 3294 349 3374 te,
372 3291 513 3374 inquam,
535 3291 649 3373 ipsum,
664 3310 759 3373 quern
772 3290 968 3354 moderatrix
981 3290 1196 3354 humanarum

244 3400 351 3442 rerum
374 3377 576 3461 providentia
598 3378 632 3441 in
647 3377 804 3441 altissimo
827 3377 994 3462 dignitatis
1018 3378 1119 3462 gradu
1134 3379 1196 3442 ccl·

245 3466 400 3548 locatum,
427 3469 582 3549 perpetua
605 3465 866 3550 grauissimorum
894 3486 1062 3530 munerum
1084 3487 1196 3549 procu·

245 3554 369 3619 ratione
406 3554 587 3619 districtum
621 3553 725 3617 teneri
760 3553 874 3638 voluit,
910 3553 996 3619 inter
1030 3556 1093 3637 tot,
1129 3557 1199 3617 tam
