2658 3914
508 286 626 342 CAPUT
644 287 730 341 XXII.
1033 285 1093 349 147

141 435 306 497 vectorum
338 433 451 515 plenas
484 452 553 496 esse
585 430 785 515 intelligunt3
823 430 961 494 subeunt
996 429 1096 514 igitur

142 522 214 585 illas
237 524 271 584 et
293 542 332 584 ex
355 519 584 584 consuetudine
612 519 774 602 remigant
795 517 1000 581 Britanniam
1026 539 1094 581 ver-

87 671 93 681 ,
142 630 211 692 sus,
235 615 268 672 et
291 629 354 692 quo
378 606 498 689 alioqui
520 627 561 670 ne
583 606 662 670 velis
681 606 810 690 quidem
827 605 931 689 passis
955 605 1095 670 secundo

142 699 237 760 vento
266 697 332 760 suis
362 694 498 758 navibus
525 694 691 777 pervenire
718 693 862 758 breviore
890 716 988 778 quam
1020 715 1095 778 qua·

143 787 217 848 tuor
240 785 272 846 et
285 782 401 867 viginti
414 782 567 847 horarum
590 781 694 864 spatio
710 782 829 865 solent,
852 803 889 848 eo
908 784 978 845 tum
1000 782 1096 845 unica

143 892 243 954 eaque
266 892 334 935 non
355 871 454 954 longa
471 870 682 954 remigatione
710 869 910 952 deferuntur,
940 869 987 932 ibi
1009 870 1095 933 inco-

145 959 253 1043 gnitos
280 959 354 1022 illos
385 961 529 1022 vectores
560 960 739 1040 exponunt3
776 977 911 1040 cumque
934 956 1096 1021 neminem

145 1046 276 1111 omnino
299 1045 442 1127 videant,
470 1045 614 1109 sentiunt
640 1046 750 1108 tamen
777 1043 942 1128 ingentem
965 1065 1097 1109 concur·

144 1157 216 1198 sum
241 1133 309 1198 fieri
337 1134 377 1197 ad
408 1132 499 1196 littus
530 1132 699 1196 hominum
726 1132 1020 1216 congratulantium
1047 1132 1097 1216 iis,

145 1223 199 1305 qui
221 1223 365 1285 recentes
388 1223 554 1302 venerunt,
577 1241 694 1304 eosque
717 1222 857 1284 maxima
878 1242 951 1284 oum
973 1220 1098 1284 laetitia

145 1309 381 1394 excipientium.
416 1307 564 1373 Audiunt
583 1308 682 1372 etiam
704 1329 758 1373 eos
779 1309 864 1373 inter
886 1330 919 1372 se
933 1308 1097 1372 humanis·

145 1398 223 1461 sime
246 1398 496 1481 consalutantes,
517 1418 590 1461 oum
604 1397 798 1478 aliusalium
812 1397 943 1480 proprio
957 1397 1097 1479 nomine,

144 1485 225 1549 alius
248 1508 268 1550 a
289 1486 387 1568 tribu,
409 1485 490 1548 alius
514 1485 555 1550 ab
579 1485 728 1562 artificio,
757 1485 838 1548 alius
866 1484 964 1548 etiam
992 1485 1097 1568 gentis

145 1593 182 1636 ae
209 1573 410 1656 cognationis
437 1574 568 1636 nomine
596 1573 744 1655 appellet.
785 1570 867 1635 Tum
888 1570 1003 1635 iisdem
1034 1571 1098 1634 illis

144 1660 280 1723 navibus
303 1659 498 1741 conscensis,
526 1679 591 1742 qua
617 1659 779 1722 eeleritate
801 1661 965 1739 venerant,
987 1659 1098 1722 eadem

144 1747 340 1811 revehuntur
353 1745 492 1809 domum.
529 1744 613 1820 Quin
636 1746 734 1809 etiam
757 1745 931 1829 aquodam
944 1745 1098 1810 historiae

146 1835 300 1917 scriptore
323 1833 486 1916 proditum
509 1836 567 1916 est,
590 1831 624 1897 0.
647 1833 765 1897 Iulium
788 1831 958 1898 Caesarem
981 1855 1019 1897 eo
1043 1834 1098 1897 ali-

147 1922 275 2006 quando
302 1942 368 1984 una
396 1919 520 1984 triremi
546 1941 619 1985 cum
646 1924 775 1985 centum
802 1921 987 1987 hominibus
1015 1922 1098 1985 dela-

145 2013 229 2074 tum:
266 2029 402 2092 cumque
436 2007 616 2072 incredibili
649 2009 712 2073 loci
748 2009 941 2073 amoenitate
978 2012 1099 2093 captus,

147 2097 238 2161 sedes
260 2097 306 2162 ibi
329 2116 442 2180 capere
460 2096 564 2178 vellet,
587 2096 628 2160 ab
651 2096 714 2160 illis
738 2090 883 2162 ἆειὸἕσιν
911 2097 1024 2161 incolis
1051 2097 1098 2160 in-

145 2184 249 2250 ritum
271 2187 304 2250 et
325 2184 537 2251 reluctantem
561 2184 697 2248 eiectum
720 2205 797 2249 esse.

491 2375 634 2443 CAPUT
656 2377 760 2443 XXII.

242 2495 396 2551 umorum
413 2496 552 2552 VERSUS
571 2498 621 2552 EX
638 2497 831 2554 AESCHYLO
849 2499 1002 2554 IMITATI.

212 2584 398 2670 Praecipere
434 2608 471 2651 ac
502 2609 706 2670 praesumere
738 2593 885 2674 oportere
922 2592 1099 2674 sapientem

147 2674 268 2758 omnia,
291 2695 372 2758 quae
395 2675 520 2740 homini
542 2677 657 2741 acerba
679 2680 712 2740 et
733 2678 845 2762 gravia
862 2679 1004 2743 accidere
1027 2701 1099 2763 pos·

146 2765 234 2846 sunt,
265 2763 387 2846 talique
418 2764 704 2845 praemeditatione
736 2766 856 2829 leviora
882 2766 938 2829 illa
965 2773 999 2830 et
1028 2790 1099 2850 per-

145 2871 242 2932 pessu
264 2850 409 2914 faciliora
432 2850 530 2933 effici,
558 2852 757 2934 disputatum
780 2855 829 2916 est
856 2853 982 2935 copiose
1006 2876 1025 2916 a
1048 2853 1099 2918 Oi·

146 2957 261 3000 cerone
274 2937 356 3001 libro
371 2941 485 3020 quarto
499 2938 753 3002 Tusculanarum
760 2937 796 3024 l),
818 2940 969 3022 allatique
990 2962 1098 3005 versus

145 3022 310 3106 Euripidis
341 3045 357 3087 e
380 3023 505 3089 Theseo
532 3028 565 3089 et
586 3025 730 3088 Terentii
756 3047 773 3088 e
800 3024 1008 3111 Phormione,
1031 3029 1098 3113 qui-

145 3112 206 3176 bus
228 3111 261 3174 id
284 3111 532 3176 confirmaretur.
576 3111 733 3197 Virgilius
756 3116 863 3177 autem
882 3112 1012 3180 Aeneae
1031 3139 1098 3201 su0,

146 3221 241 3283 quem
255 3200 359 3263 omnis
374 3198 500 3264 virtutis
514 3201 676 3286 exemplar
698 3222 767 3266 esse
784 3202 895 3286 voluit,
917 3206 954 3267 ut
976 3207 1097 3270 ceteras

147 3287 268 3371 laudes,
290 3287 338 3352 ita
359 3287 444 3352 hanc
466 3308 592 3373 quoque
613 3289 740 3375 tribuit,
763 3311 836 3355 cum
859 3313 932 3356 eum
954 3291 1005 3356 his
1028 3315 1096 3358 ver·

144 3372 228 3461 bis2)
252 3376 290 3439 de
313 3396 348 3439 se
369 3378 513 3440 utentem
535 3375 624 3440 fecit:

219 3530 237 3584 'l
257 3529 313 3584 Ser.
333 3531 403 3586 libro
421 3533 500 3587 tertio
521 3532 599 3587 Tuae.
620 3562 653 3572 -
672 3549 695 3587 c.
716 3539 748 3587 13
762 3550 797 3589 ss.

217 3599 237 3668 ¹)
256 3599 303 3654 VI.
324 3607 374 3655 103
393 3619 426 3654 ss.

834 3693 886 3748 10⁸
