2656 3910
239 245 283 309 84
571 244 751 300 EPISTOLA
769 244 857 299 LXIV

238 389 303 453 rias
325 389 394 472 ipse
417 393 528 454 tamen
551 393 647 473 atque
671 390 833 474 excogites
848 388 978 473 aliquid,
1002 388 1088 473 quod
1112 409 1208 453 com·

240 477 447 543 mendatione
469 498 543 541 mea
565 478 721 543 adductus
745 499 856 542 eorum
880 499 995 542 caussa
1016 476 1132 541 fecisse
1158 479 1208 542 vi-

242 567 354 630 dearis.
399 565 472 650 Ego
495 568 542 650 te,
565 565 689 645 Ouiaci,
717 565 832 631 eximie
854 587 928 631 amo
960 569 1007 649 et,
1040 568 1208 648 quantum

240 653 276 717 in
299 674 350 716 me
374 655 432 735 est,
455 653 557 720 excito
580 655 696 720 horum
709 653 879 720 hominum
901 653 1034 739 ingenia
1048 653 1089 716 ad
1113 654 1206 718 evol·

241 741 363 805 vendos
390 741 490 806 libros
518 746 593 808 tuos
621 746 654 807 et
681 742 721 806 ad
749 743 1007 827 cognoscendam
1033 741 1205 806 doctrinae

242 831 317 892 tuae
341 830 582 912 praestantiam.
624 829 669 894 Te
693 851 819 914 quoque
843 851 982 914 aequum
1005 833 1054 894 est
1077 828 1206 913 aliquid

243 938 315 1005 mea
338 939 452 983 caussa
474 919 588 984 facere.
637 917 742 983 Maius
770 922 878 982 autem
904 919 1010 982 facere
1037 917 1121 981 nihil
1143 939 1205 1000 po·

242 1009 306 1084 tes,
334 1027 430 1089 quam
459 1007 487 1071 si
513 1007 564 1071 his
592 1007 716 1072 duobus
749 1005 1006 1072 adolescentibus
1039 1005 1206 1088 ostendas,

244 1115 350 1158 meam
387 1095 699 1160 commendationem
736 1095 857 1179 aliquid
894 1094 980 1178 apud
1015 1097 1047 1158 te
1084 1094 1206 1158 valere.

244 1181 335 1246 Vale.
358 1181 493 1247 Romae.
516 1201 573 1248 vn.
595 1181 731 1248 Kalend.
752 1182 846 1247 Febr.
869 1199 1036 1247 nouum.

664 1409 780 1476 LXIV.

440 1534 489 1611 ll.
516 1535 759 1609 ANTONIUS
787 1533 1011 1610 MURETUS

524 1654 646 1711 nauco
666 1653 833 1710 saccaro
852 1653 922 1709 suo

542 1788 547 1797 .
694 1761 716 1804 s.
729 1762 757 1803 n.

315 1853 412 1918 Tanti
441 1853 503 1917 fuit
531 1855 680 1936 torquere
709 1854 742 1915 te
773 1852 897 1936 aliquot
926 1851 993 1916 dies
1021 1851 1205 1916 litterarum

249 1963 393 2006 mearum
417 1941 668 2023 exspectatione,
689 1943 727 2003 ut
744 1942 818 2004 tuas
842 1939 1019 2022 acciperem
1042 1940 1206 2005 concitato

251 2051 288 2094 ac
314 2050 413 2112 prope
441 2027 524 2093 irato
552 2028 660 2092 animo
689 2027 833 2111 scriptas.
878 2025 926 2092 Ut
948 2028 1034 2092 enim
1057 2028 1205 2093 dulcibus

250 2117 330 2183 cibis
354 2117 526 2182 admistum
550 2116 670 2201 aliquid
694 2137 766 2181 acre
790 2116 940 2195 delectat,
962 2115 1010 2180 ita
1032 2115 1125 2199 mihi,
1149 2117 1206 2200 qui

250 2229 416 2291 nunquam
443 2206 613 2290 quicquam
640 2227 660 2269 a
685 2207 718 2268 te
741 2203 806 2269 nisi
828 2204 978 2268 melleum
1001 2203 1205 2288 accepissem,

250 2295 517 2360 iucundissimum
534 2293 605 2376 fuit,
623 2296 656 2355 te
670 2292 850 2356 subiratum
863 2291 996 2356 intueri:
1014 2293 1204 2375 praesertim

252 2406 325 2448 cum
346 2383 382 2446 in
404 2403 442 2446 oo
459 2382 536 2464 'ipso
557 2381 624 2444 irae
647 2379 751 2443 calore
775 2379 924 2444 omnibus
947 2380 1150 2463 expertibus
1169 2403 1204 2444 se

253 2492 343 2535 amor
365 2490 443 2552 erga
464 2489 516 2533 mc
533 2471 608 2532 tuus
630 2467 787 2550 proderet.
825 2465 887 2532 Sed
908 2465 985 2533 scin'
1005 2471 1051 2552 tu,
1075 2466 1204 2533 Sacrate

252 2558 298 2622 mi
326 2555 447 2639 optime
476 2558 511 2620 et
535 2555 571 2618 in
597 2554 671 2638 ipsa
696 2555 795 2620 etiam
820 2555 869 2618 ira
896 2555 1098 2638 suavissime,
1128 2557 1205 2641 quid

252 2649 285 2709 te
320 2665 407 2708 nunc
437 2644 541 2708 facere
574 2643 723 2726 cupiam?
776 2641 939 2708 Confirmet
970 2644 1116 2727 exemplo
1147 2647 1204 2708 tuo

255 2736 344 2798 vetus
366 2732 446 2797 illud
468 2733 602 2796 dictum:

375 2820 562 2886 Amantium
583 2820 650 2884 irae
671 2820 788 2885 umoris
809 2821 972 2903 ioteyratc
994 2817 1087 2907 ect;²)

254 2909 443 2995 praesertim
475 2932 547 2975 cum
578 2908 613 2972 in
645 2908 778 2972 summis
808 2908 1073 2991 occupationibus
1103 2907 1144 2973 ad
1170 2910 1203 2972 te

255 3001 402 3066 scribam.
438 2997 514 3064 Non
536 3001 615 3082 puto
638 2997 783 3081 pluribus
806 2996 887 3060 mihi
908 2996 1014 3061 verbis
1038 3017 1118 3080 opus
1137 3017 1203 3060 esse

256 3090 296 3153 ad
322 3093 354 3153 tc
381 3088 573 3172 placendum
601 3107 638 3150 ac
663 3085 856 3150 leniendum.
900 3083 972 3149 Hoc
998 3087 1127 3149 tantum
1150 3106 1203 3148 oro

256 3196 445 3259 quaesoque,
467 3180 505 3238 ut
526 3173 651 3258 quidvis
677 3173 785 3257 potius
808 3172 980 3256 existimes,
1003 3193 1098 3256 quam
1122 3172 1203 3256 quic-

256 3285 354 3347 quam
372 3283 411 3325 ex
428 3282 501 3324 mea
518 3263 554 3324 in
571 3264 605 3324 te
622 3282 691 3324 non
708 3261 874 3324 voluntate
887 3263 1024 3342 tantum,
1043 3261 1099 3325 sed
1111 3261 1203 3344 plane

257 3348 461 3414 observantia
491 3348 617 3412 detrahi
644 3368 749 3430 posse.
799 3346 895 3411 Omni
923 3347 985 3412 hoc
1014 3347 1075 3412 tibi
1105 3369 1202 3412 sacra-

257 3438 358 3502 menti
385 3456 515 3521 genere,
542 3435 588 3498 mi
611 3433 754 3518 Sacrate,
780 3435 943 3499 confirmo.
992 3434 1077 3509 Quid
1103 3435 1203 3499 tibia

332 3575 352 3645 ¹)
371 3574 482 3630 Terent.
501 3571 587 3628 Andr.
606 3571 653 3626 111.
673 3577 698 3626 3.
717 3576 760 3626 23.
