2656 3910
217 199 257 264 12
575 197 757 254 EPISTOLA
775 197 822 252 IX.

214 345 363 430 litones,
388 366 492 431 neque
514 342 665 408 Alexides
674 340 698 426 ¹)
726 340 846 424 desint,
874 338 971 404 adid
998 358 1059 424 ego
1085 359 1172 404 nune

215 436 407 520 respondere
429 434 521 515 nolo;
542 451 647 516 neque
670 430 756 496 enim
778 429 878 494 iooari
897 428 933 492 in
955 430 1049 492 tanta
1071 427 1172 493 animi

215 523 459 608 perturbatione
481 541 622 604 possum.
654 517 704 582 Tu
726 518 795 582 sine
809 517 907 583 dubio
930 515 1054 580 felicior
1075 517 1108 580 et
1122 536 1172 580 aa·

214 611 368 695 pientior:
392 609 443 674 eui
466 608 563 672 etiam
586 606 670 672 euris
693 605 848 689 impedito
875 608 999 687 tamen,
1023 603 1108 690 quod
1129 604 1171 668 ri-

216 700 307 782 deas,
329 697 418 764 venit
438 697 474 760 in
495 699 644 760 mentem.
675 693 723 758 Mi
745 692 872 759 Manuti
895 693 1015 778 optime
1038 695 1071 758 et
1093 692 1173 756 ami·

217 787 353 867 oiseime,
375 785 474 850 etiam
498 787 593 870 atque
616 783 715 848 etiam
736 784 816 848 vale.
843 781 987 847 Patauio.

667 1065 723 1132 IX.

468 1156 654 1267 Plutus
680 1189 929 1266 uiuamus

496 1326 534 1381 Μ.
553 1325 719 1382 ANTONIO
737 1325 900 1383 MURETO.

286 1447 403 1516 Sedata
428 1452 495 1516 iam
523 1456 699 1537 tempestas
727 1453 832 1518 omnis
859 1455 910 1518 eat
931 1455 964 1518 et
985 1451 1177 1538 navigamus

218 1536 253 1603 in
280 1542 390 1624 portu:
418 1540 560 1606 redditae
587 1541 668 1606 mihi
695 1545 770 1606 sunt
793 1541 854 1606 hae
880 1541 951 1625 ipsa
972 1539 1065 1623 hora,
1093 1562 1177 1625 qnae
1312 1587 1313 1616 2

218 1630 255 1690 tu
276 1626 380 1692 tribue
403 1632 478 1692 ente
492 1629 604 1694 diebus
626 1629 769 1713 miseras,
793 1628 934 1714 quinque
948 1627 1067 1694 Catulli
1088 1628 1177 1712 folia,

221 1714 327 1780 delata
349 1715 440 1800 prius
464 1717 610 1800 adeum,
633 1717 689 1802 qui
709 1719 809 1782 libros
832 1717 867 1782 in
889 1715 1035 1782 Asulana
1057 1719 1178 1782 traetat

221 1803 358 1888 officina,
381 1841 423 1850 -
446 1804 541 1869 hodie
564 1807 700 1888 tantum,
721 1805 849 1889 etipse
873 1808 1043 1888 asseverat,
1066 1827 1116 1888 an,
1139 1808 1178 1870 ut
1312 1843 1313 1848 κ

220 1911 260 1956 ex
281 1891 383 1956 literis
405 1892 471 1958 tuis
495 1893 645 1977 oportuit,
667 1893 784 1958 nudius
797 1893 922 1978 tertius,
944 1893 1087 1958 divinare
1109 1913 1178 1958 non
1312 1905 1313 1914 ’

220 2000 367 2064 possum3
389 1980 451 2045 hoo
473 1984 558 2047 eerte
580 1980 682 2065 video,
704 2002 761 2066 per
783 2002 969 2048 communes
990 1981 1178 2047 tabellarios

220 2087 287 2132 non
301 2088 370 2133 esse
392 2069 500 2154 misse,
514 2091 651 2155 quorum
672 2069 751 2134 fides
771 2069 807 2134 in
828 2069 989 2136 reddendo
1004 2069 1177 2136 desiderari

220 2176 287 2220 non
310 2155 400 2221 solet.
428 2155 490 2222 Sed
511 2158 655 2242 profecto
678 2158 813 2223 fortuite
834 2159 945 2242 multa,
968 2158 1083 2242 quibua
1105 2177 1177 2240 per·
1312 2153 1313 2176 ¹

221 2242 345 2308 turbari
376 2247 410 2309 et
440 2245 592 2310 fluctuare
623 2246 725 2310 vitem
759 2245 926 2310 hominum
957 2267 1087 2310 neeesse
1119 2249 1179 2329 est,

222 2352 303 2416 quae
326 2352 436 2396 eavere
451 2333 586 2398 oonsilio
608 2335 664 2398 aut
686 2333 810 2398 ratione
832 2334 861 2398 si
883 2334 986 2416 lioeat,
1008 2333 1090 2398 bene
1104 2355 1179 2408 oum

221 2419 332 2484 multis
355 2423 518 2505 ageretu13
540 2421 695 2504 penderet
708 2421 794 2486 enim
807 2443 827 2485 a
840 2422 1011 2506 prudentie
1032 2421 1178 2486 felicitas.

222 2505 318 2572 Nune
340 2528 441 2592 aeque
463 2508 613 2574 omnibus
637 2513 807 2574 occurrunt
828 2509 1041 2593 incommoda,
1063 2530 1178 2594 usque·
1312 2571 1313 2594 χ

224 2617 350 2681 quaque
373 2617 465 2661 easus
489 2600 522 2661 et
542 2596 674 2663 fortuna
687 2598 878 2662 dominatur.
905 2597 954 2662 De
975 2598 1075 2664 filiolo
1097 2618 1179 2682 meo,

224 2684 339 2749 amabo
366 2685 413 2768 te,
437 2684 703 2769 quemadmodum
731 2686 839 2750 animo
863 2686 910 2752 sio
935 2687 1047 2770 lingua
1068 2687 1180 2751 faveas

223 2771 363 2855 primum
389 2773 508 2837 amoris
531 2774 647 2858 nostri,
675 2773 788 2838 deinde
812 2774 928 2838 ominis
952 2775 1050 2838 etiam
1072 2795 1180 2840 eausa.

223 2857 358 2924 Auferet
379 2860 434 2924 ille
458 2860 586 2946 quidem
610 2883 738 2926 omnem
760 2862 1005 2946 iucunditatem,
1028 2866 1061 2926 et
1082 2862 1181 2946 plene

225 2947 357 3014 divellar
379 2970 400 3013 a
421 2970 472 3014 me
495 2949 581 3034 ipso;
610 2950 666 3015 sed
687 2952 749 3015 hoo
776 2953 885 3014 tamen
913 2954 1089 3034 antepono,
1115 2949 1181 3015 nisi

224 3036 333 3121 fallor,
360 3038 500 3102 salutare
524 3038 694 3104 eonsilium
716 3041 761 3122 et,
783 3042 820 3102 ut
843 3039 872 3102 ei
895 3038 1089 3121 consulatur,
1112 3039 1181 3102 ani-

224 3145 314 3190 mum
337 3125 439 3189 vineo.
467 3124 559 3200 Quod
581 3127 698 3192 iterum
720 3127 785 3192 iam
808 3127 849 3190 ad
870 3147 923 3190 me
936 3125 1051 3190 Melini
1072 3147 1183 3211 manu,

286 3333 306 3404 ¹)
325 3334 392 3390 Tiro
410 3333 550 3391 Ciceronis
571 3334 746 3390 amanuensis
763 3334 830 3403 faie,
853 3334 949 3390 Alexis
965 3334 1113 3404 Pomponii
1130 3335 1183 3390 At-

225 3404 284 3460 tioi.
320 3404 445 3461 Alexidis
467 3408 562 3461 autem
584 3406 696 3461 nomine
718 3405 878 3473 Molinium,
902 3405 1011 3460 Tironis
1032 3404 1184 3460 Herculem

226 3475 451 3602 mmmmm
465 3476 600 3547 designat,
619 3476 701 3530 illum
714 3476 832 3545 Mureto,
851 3477 925 3530 hune
943 3477 1028 3530 sibie
1045 3475 1184 3532 manibus.
