2658 3914
238 215 299 280 192
609 215 692 269 VAR.
711 213 812 268 Lacr.

234 360 322 424 locos
345 359 506 440 indicabo,
530 380 665 442 quorum
686 358 722 421 in
743 360 879 441 utroque
903 352 1037 422 διάνοια
1066 358 1198 442 legitur,

236 469 308 512 cum
336 447 505 530 utrobique
533 443 632 510 docco
659 446 725 529 legi
751 445 879 510 debeat:
907 445 1003 529 idque
1032 467 1069 509 eo
1092 447 1197 510 liben-

235 537 300 600 tius
322 535 451 618 faeiem,
480 534 565 618 quod
586 535 621 598 in
647 537 782 616 utroque
805 536 838 598 et
865 533 1072 598 eruditissimi
1094 534 1196 598 inter-

235 625 340 707 pretes
372 622 455 704 lapsi
487 625 575 704 sunt,
606 642 710 704 neque
741 621 774 684 id
805 621 860 685 isti
890 621 1196 707 animadverteram,

236 711 303 793 qui,
328 711 419 794 quasi
440 709 504 793 ipsi
517 731 677 794 nusquam
691 709 867 793 offendant,
890 710 1036 773 exultant
1057 710 1092 772 in
1116 710 1196 773 alio-

235 820 306 862 rum
321 799 434 863 erratis
449 819 548 881 eaque
562 797 690 861 mimieo
705 796 860 862 orationis
874 816 990 880 genere
1003 799 1070 860 tam
1080 798 1196 880 eupide

237 889 479 971 persequuntur.
531 885 653 950 Eorum
680 884 768 967 prior
791 887 840 948 est
868 885 952 967 apud
975 884 1196 967 Thucydidem

236 975 319 1040 libro
343 977 433 1039 sexto
442 971 467 1060 ¹)
496 974 531 1037 in
559 974 716 1057 oratione,
744 994 808 1056 qua
830 971 1013 1037 Alcibiades
1041 972 1195 1040 adversus

236 1061 363 1126 Niciam
399 1063 437 1126 de
473 1061 637 1125 mittendis
673 1061 708 1124 in
741 1058 881 1124 Siciliam
914 1061 1014 1143 copiis
1052 1061 1194 1127 disserit.

237 1147 318 1214 Oum
332 1149 417 1213 enim
440 1150 528 1232 prior
542 1171 614 1212 eum
627 1148 789 1236 tetigisset
801 1147 925 1231 Niciae,
947 1148 1033 1231 quod
1056 1148 1194 1214 maiores

238 1240 384 1320 sumptus
413 1259 509 1321 quam
536 1259 595 1320 pro
624 1237 816 1300 refaceret:
843 1235 1016 1318 respondet
1039 1235 1195 1300 delicatus

238 1345 275 1387 ac
298 1326 504 1407 sumptuosus
528 1324 725 1407 adolescens,
754 1327 900 1407 sumptus
923 1323 995 1388 illos
1023 1323 1063 1386 ad
1087 1327 1194 1388 osten·

236 1413 369 1475 tandam
395 1412 534 1474 externis
559 1411 745 1475 hominibus
772 1411 910 1474 civitatis
938 1411 1194 1494 magnitudinem
1233 1425 1236 1432 “

239 1521 275 1563 ac
297 1499 477 1582 potentiam
499 1499 674 1582 pertinere,
699 1519 803 1582 neque
826 1499 915 1562 illam
942 1499 1193 1582 imprudentiam

237 1588 384 1651 inutilem
410 1609 480 1651 esse
503 1585 563 1671 (ita
586 1587 672 1651 enim
695 1582 953 1670 εἰρωνευόμενος
979 1585 1097 1672 vocat),
1120 1609 1195 1652 eum

239 1676 310 1759 quis
343 1675 522 1776 sumptibus
555 1675 620 1739 suis
648 1696 715 1738 non
742 1675 803 1739 sibi
834 1674 937 1738 solum
963 1675 1114 1780 prodest,
1081 1675 1194 1740 tsed

241 1765 337 1827 etiam
351 1755 482 1828 civitati
518 1761 668 1827 Verba
642 1784 708 1826 erus
731 1761 811 1826 haec
834 1765 925 1826 sunt:
949 1759 1004 1826 καὶ
1019 1756 1080 1827 οὐκ
1094 1757 1194 1845 ἄχρη-

239 1868 315 1926 στος
334 1841 428 1934 ἥδ’
416 1847 529 1932 clocca,
553 1844 590 1925 ὸς
612 1843 655 1914 ἄν
676 1860 746 1924 τοῖς
768 1851 867 1924 ἰδίοις
884 1848 990 1914 τέλεσι
1008 1845 1053 1933 μὴ
1073 1846 1193 1916 ἑαυτὸν

238 1936 360 2022 μόνον,
384 1933 467 2002 ἀλλὰ
489 1935 598 2002 καὶ
567 1961 630 2021 την
642 1933 741 2002 πόλιν
755 1931 876 2020 ὠφελῇ.
920 1937 972 2002 Ita
986 1938 1072 2001 enim
1085 1938 1193 2022 legen·

239 2027 314 2090 dum
342 2047 425 2111 esse,
456 2047 523 2091 non
549 2028 586 2089 ut
615 2047 726 2090 omnes
753 2026 934 2126 pervulgati
960 2026 1035 2089 libri
1063 2026 1193 2110 habent,
1316 2043 1317 2062 ¹

240 2111 386 2197 διάνοια,
408 2115 460 2178 vel
482 2115 521 2177 de
543 2113 672 2178 scholiis
691 2112 886 2178 Graecis't
837 2136 871 2177 m
873 2113 984 2222 tellipi
997 2118 1055 2196 pot
1041 2113 1167 2195 t,erat
1158 2137 1194 2179 m
1316 2103 1317 2190 l

239 2203 379 2308 quibus
376 2165 422 2267 ita
444 2205 592 2266 notatum
615 2204 720 2266 est:s
705 2197 913 2285 εἰρωνεύεται
937 2224 954 2265 ο
976 2164 1193 2310 Ἀλκιβιάδας,

239 2285 379 2372 λέγων’
360 2313 465 2372 οιι,ε
450 2291 480 2353 εἰ
496 2283 707 2371 ααὶάνόηιος
725 2291 891 2372 φαίνομαί
909 2305 1008 2370 τισιν,
1031 2283 1103 2354 ἀλλ’
1129 2312 1193 2354 ονν

239 2379 278 2463 τῇ
306 2375 400 2444 πόλει
428 2400 489 2440 ουκ
516 2372 679 2459 ἄχρηστός
706 2399 772 2458 μον
799 2371 933 2440 ἐστὶν“
916 2401 936 2460 η
965 2371 1082 2459 ἄνοια,
1110 2370 1193 2441 ἀλλὰ
1316 2433 1317 2440 ,

239 2465 294 2528 καὶ
321 2460 496 2548 ὠφέλιμος.
544 2463 696 2564 Idemque
723 2464 820 2546 plane
847 2465 1028 2547 confirmat,
1051 2464 1168 2549 quod
1159 2487 1194 2529 m

240 2553 351 2616 eadem
381 2552 526 2617 oratione
547 2550 683 2615 haud't
656 2555 703 2615 rta
725 2552 826 2616 multo
849 2547 975 2664 post²)
983 2552 1063 2636 legit
1063 2574 1115 2617 ur:
1138 2551 1193 2617 aul

239 2663 342 2704 ταντα
364 2633 384 2722 ἡ
409 2635 469 2744 a’piq
493 2633 608 2720 νεότης
630 2636 685 2702 καὶ
707 2633 806 2704 ἄνοια
812 2635 909 2745 παρὰ
924 2632 1033 2722 φύσιν
1047 2640 1193 2704 δοκοῦσα
1316 2639 1317 2650 ’

240 2723 326 2792 εἶναι
349 2723 436 2803 ἐς
389 2749 466 2834 την
479 2728 764 2833 Πελοποννησίων
778 2722 924 2810 δύναμιν
937 2724 1050 2810 λόγοις
1071 2749 1106 2791 τε
1119 2726 1193 2810 πρέ-

239 2831 361 2880 αονσιν
375 2809 534 2898 ὡμίλησε,
548 2808 628 2880 καὶ’
613 2815 695 2900 ορνῇ
709 2817 822 2878 πίστιν
834 2813 1067 2898 παρασχομένη
1078 2817 1193 2880 ἔπεισε.

240 2904 333 2968 Alter
353 2904 515 2968 locust
466 2906 515 2967 est
528 2903 563 2967 in
584 2903 707 2986 libello,
730 2925 785 2988 qur
776 2901 874 2966 Plut
875 2903 964 2967 archi
987 2903 1114 2986 quidem
1127 2925 1194 2966 non

240 2993 377 3076 videtur,
402 2992 457 3056 sed
479 2991 596 3055 inter'
585 2991 686 3074 rpsius
701 2992 853 3074 opuscula
874 2994 984 3055 tamen
1005 2991 1132 3074 legitur,
1155 2991 1194 3054 de

240 3081 348 3145 liberis
363 3070 552 3144 educandis³
555 3079 580 3162 ):
599 3079 654 3142 ubi
669 3079 809 3162 graviter
821 3099 953 3162 peccare
972 3079 1113 3143 ostendit
1099 3082 1193 3162 teos,

241 3169 295 3252 qui
318 3169 468 3251 parvulos
493 3166 620 3250 quidem
633 3166 752 3231 liberos
767 3167 1005 3251 submagistris
1020 3187 1058 3230 ac
1080 3165 1193 3249 paeda-

240 3255 333 3340 gogis
356 3255 492 3339 habent,
515 3253 570 3318 sed
592 3254 760 3338 puberes
751 3276 816 3318 1am
839 3255 942 3321 factos
965 3275 1023 3320 suo
1046 3275 1135 3318 more
1158 3274 1193 3318 ac

312 3385 333 3452 ¹)
350 3400 375 3441 c,
397 3389 439 3440 16.

310 3458 332 3528 2)
351 3479 374 3517 ο.
395 3467 435 3516 17.

309 3529 332 3591 ll
352 3549 374 3587 c.
395 3540 437 3588 16.
