2658 3914
443 214 620 270 EPISTOLA
638 215 760 272 LXXIX.
1017 214 1077 278 111

126 360 314 426 crudelitate
346 362 379 424 et
413 358 615 424 immanitate
646 360 833 442 pascantur,
868 379 935 422 non
966 359 1079 440 placet.

125 449 196 514 Ista
222 449 308 512 enim
341 447 466 513 ratione
497 469 633 512 vacuum
664 445 802 530 relinqui
815 469 817 474 ·
832 444 994 509 theatrum
1025 466 1079 509 ne-

4 613 5 616 ,
125 557 214 602 cesse
237 538 294 600 est.
331 533 379 599 Ac
403 535 477 617 scio,
499 535 578 598 haec
600 534 735 618 figurate
750 533 826 616 dici3
851 533 907 597 sed
924 532 986 597 hoc
999 533 1080 615 dico,

125 625 263 708 figuram
284 624 388 706 ipsam
411 623 491 686 mihi
512 623 601 686 nullo
624 622 720 686 modo
742 621 882 705 probari.
918 619 979 684 Illa
1003 642 1079 705 quo·

127 732 201 796 que,
230 733 311 796 quae
338 711 378 775 ad
405 711 553 774 mulieres
581 710 757 794 pertinent,
783 712 821 773 ut
847 709 953 791 lepida
976 711 1009 772 et
1031 731 1080 772 ar-

126 802 206 884 guta
228 799 328 863 rideri
351 801 484 883 queant,
511 801 595 862 certe
622 797 762 882 tragicae
786 797 953 882 gravitatis
976 797 1081 860 aliena

127 890 211 951 sunt
256 886 314 970 Et,
340 890 378 950 ut
400 887 499 950 semel
524 885 641 969 dicam,
667 887 773 950 totum
799 885 970 968 prologum
997 884 1080 947 delc-

126 996 205 1058 rem,
226 995 330 1059 neque
353 975 418 1038 ullo
441 995 572 1057 prorsus
594 973 729 1058 prologo
751 975 865 1036 uterer.
907 970 972 1036 Ubi
995 971 1080 1035 enim

127 1062 243 1127 chorus
266 1064 327 1144 est,
350 1062 410 1124 tali
435 1077 642 1145 prologomm
670 1060 780 1145 generi
806 1060 894 1123 locus
923 1077 1081 1122 essenon

127 1152 243 1233 potest.
288 1149 432 1232 Etenim,
455 1147 569 1232 Zoppi,
592 1151 714 1212 veteres
741 1150 870 1231 politae,
898 1144 999 1231 (quod
1021 1146 1082 1209 tibi

128 1257 255 1322 quoque
278 1258 336 1321 pro
359 1240 416 1300 tua
435 1236 590 1321 singilari
613 1235 790 1300 eruditione
803 1238 917 1300 notum
940 1255 1009 1300 esse
1032 1236 1082 1298 sat

129 1323 219 1412 scio,)
248 1325 276 1390 si
303 1325 380 1409 quid
407 1324 448 1390 ad
475 1345 509 1389 se
536 1324 805 1389 commendandos
833 1327 890 1388 aut
912 1323 1080 1386 defenden-

129 1413 187 1478 dos
211 1412 313 1477 dicere
336 1433 465 1478 necesse
478 1412 654 1494 habebant,
676 1410 710 1476 id
732 1411 894 1477 faciebant
914 1411 950 1475 in
968 1410 1082 1492 choris,

129 1523 202 1566 cum
224 1501 260 1564 in
282 1501 404 1585 reliqua
426 1499 535 1564 fabula
547 1521 614 1564 non
636 1500 759 1566 liceret:
783 1500 872 1563 cuius
895 1499 942 1562 rei
960 1499 1083 1582 aliquot

4 1657 7 1671 Α
130 1588 216 1673 apud
238 1586 489 1672 Aristophanem
511 1589 655 1670 exempla
678 1589 762 1651 sunt.
797 1585 910 1670 Neque
933 1587 1002 1648 tum
1016 1585 1083 1648 ullo

129 1675 188 1740 tali
216 1677 351 1760 prologo
381 1675 566 1757 utebantur,
600 1674 709 1758 quales
742 1676 818 1737 sunt
853 1672 996 1736 Plautini
1028 1675 1084 1734 aut

129 1764 329 1847 Terentiam3
354 1764 410 1827 sed
432 1784 513 1848 quae
526 1763 631 1845 prima
653 1781 791 1845 persona
812 1759 971 1844 prodibat,
994 1759 1083 1823 ouius

131 1873 229 1936 opere
250 1873 326 1935 pars
340 1850 522 1936 argumenti
536 1849 788 1934 cognoscebatur
806 1870 825 1912 a
842 1847 1084 1932 spectatoribus

131 1960 170 2004 ea
182 1942 391 2025 προλογίζειν
405 1939 576 2003 dicebatur.
599 1938 814 2022 Posteaquam
832 1936 970 2021 populus
984 1934 1083 1999 Athe·

131 2028 267 2112 niensis,
308 2027 463 2091 exhausto
505 2026 713 2090 diuturnitate
754 2025 911 2089 bellorum
952 2023 1084 2104 aerario,

132 2115 242 2179 inania
256 2117 442 2198 sumptuum
457 2113 636 2197 amputavit
649 2116 682 2177 et
695 2113 867 2177 comoediis
881 2111 994 2176 choros
1009 2111 1084 2174 dare

134 2203 237 2287 desiit,
259 2207 329 2267 tum
352 2203 479 2266 demum
508 2202 588 2266 illud
613 2202 821 2285 prologorum
848 2220 949 2284 genus
971 2200 1085 2261 natum

133 2295 195 2373 est,
223 2294 255 2354 et
277 2312 362 2355 nova
384 2290 560 2373 comoedia,
590 2311 672 2374 quae
700 2288 832 2353 chorum
854 2308 922 2352 non
943 2286 1085 2368 haberet,

132 2378 252 2442 talibus
279 2378 421 2462 prologis
448 2379 497 2443 uti
524 2379 637 2461 coepit.
686 2376 861 2462 Tragoedis
895 2395 1020 2457 semper
1047 2393 1086 2436 ex

134 2464 262 2548 publico
285 2466 378 2530 datus
402 2468 451 2530 est
473 2466 600 2531 chorus:
627 2466 807 2549 idcircoque
834 2485 999 2548 nunquam
1021 2464 1085 2526 tra-

136 2551 250 2636 goedia
276 2553 356 2618 tales
383 2555 535 2639 prologos
562 2553 684 2619 habuit.
734 2552 838 2628 Quare
866 2553 921 2638 qui
943 2555 1085 2615 veterum

135 2640 396 2706 consuetudinem
419 2641 454 2705 in
475 2640 599 2724 reliquo
616 2644 764 2724 poemate
787 2643 933 2705 accurata
957 2661 994 2703 ac
1017 2638 1086 2702 dili-

135 2732 247 2814 genter
268 2729 447 2812 retinueris,
468 2728 522 2793 hic
545 2749 679 2813 quoque,
708 2727 793 2812 quod
815 2727 982 2792 hominum
1000 2726 1086 2789 anti·

135 2816 267 2902 quitatis
294 2816 516 2899 imperitorum
543 2815 672 2880 inscitia
700 2816 861 2879 invectum
889 2816 949 2895 est,
982 2813 1086 2877 deleas

135 2923 258 2969 censeo.
311 2901 456 2969 Placeret
482 2903 578 2965 etiam
605 2903 653 2965 ita
680 2901 731 2964 edi
757 2901 841 2964 hanc
868 2899 1024 2981 fabulam,
1052 2903 1088 2962 ut

134 3012 176 3055 ne
198 2991 388 3053 notarentur
400 2988 559 3071 principia
573 2991 710 3068 actuum,
734 2986 789 3049 sed
802 2986 850 3050 ita
863 2986 1088 3049 continuaren-

135 3083 188 3144 tur
211 3076 329 3158 omnia,
349 3077 388 3138 ut
408 3074 444 3137 in
457 3073 617 3158 Aeschyli,
640 3072 816 3157 Sophoclis,
837 3071 1001 3156 Euripidis
1023 3076 1087 3136 tra-

136 3165 258 3251 goediis
282 3164 441 3248 etiamque
464 3162 499 3226 in
512 3161 740 3245 Aristophanis
764 3161 936 3227 comoediis
958 3161 1087 3225 factum.

135 3252 223 3318 Vera
250 3273 363 3318 caussa
385 3254 447 3334 est,
475 3273 531 3316 cur
552 3251 599 3316 ita
625 3250 694 3314 fieri
722 3270 882 3333 censeam3
916 3248 972 3313 sed
1003 3249 1088 3313 malo

8 3352 16 3362 ‘
136 3362 207 3404 eam
229 3341 264 3406 in
278 3341 364 3406 aliud
386 3343 513 3424 tempus
535 3339 672 3405 reiicere.
709 3337 848 3404 Omnino
869 3340 977 3401 autem
999 3337 1088 3401 illam

136 3426 282 3492 inutilem
305 3431 338 3493 et
351 3449 620 3513 supervacaneam
643 3429 675 3492 et
693 3427 834 3492 astultis
856 3424 1088 3491 litteratoribus

137 3515 352 3600 excogitatam
379 3519 508 3582 actuum
538 3516 573 3580 in
605 3536 716 3581 scenas
749 3514 937 3580 divisionem
970 3533 1088 3598 quaeso
