2658 3914
445 169 564 224 CAPUT
582 169 708 225 XXVIII.
988 169 1051 233 155

95 311 245 375 Eiusdem
266 312 415 376 stultitiae
436 313 568 394 imperio
589 313 743 377 solutoris
765 312 963 378 Athenienses
984 333 1051 378 seu-

93 403 209 463 soene.
248 398 320 483 Ego
344 403 451 464 autem
473 420 540 464 non
563 400 687 483 dubito,
716 400 794 484 quin
821 422 882 464 vox
905 401 1053 466 stultitiae

96 508 114 549 e
136 486 306 570 posteriori
332 488 403 551 loco
432 487 566 551 delenda
593 489 644 552 sit.
689 485 833 552 Cimonis
857 489 958 570 enim,
984 511 1052 553 non

97 574 261 658 stultitiae,
275 574 353 640 dicit
366 576 500 658 Imperia
511 575 763 640 Atheniensibus
778 576 930 640 salutaria
943 576 1051 640 fuisse.

414 767 557 834 CAPUT
578 767 730 834 XXVIII.

95 886 334 942 PROVERBIUM
344 887 534 956 QUODDAM,
550 889 622 953 QUO
637 887 767 942 CICERO
777 887 826 941 DE
837 885 1051 942 SENECTUTE

194 974 285 1028 USUS
303 975 387 1042 EST,
405 976 456 1029 EX
473 976 645 1030 EURIPIDI}
665 975 842 1030 SUMPTUM
859 975 956 1030 ESSE.

163 1080 360 1166 Principium
382 1082 457 1147 libri
480 1083 518 1146 de
542 1081 710 1148 Senectute
733 1104 750 1146 e
779 1083 883 1166 primo
907 1082 1052 1146 Platonis

96 1171 282 1234 Πολιτειῶν
304 1191 403 1253 prope
427 1170 467 1234 ad
489 1171 621 1235 verbum
645 1193 834 1236 conversum
856 1192 935 1253 esse,
957 1191 1051 1235 nemo

96 1258 228 1341 paulum
255 1258 351 1322 modo
377 1259 548 1322 humanior
573 1259 684 1324 nescit.
735 1258 797 1323 sed
825 1259 910 1344 quod
937 1258 983 1322 ibi
1007 1258 1051 1321 di·

97 1350 222 1410 centem
243 1347 323 1411 ferolt
345 1344 527 1430 Scipionem
550 1347 587 1410 de
611 1348 803 1431 quibusdem
821 1347 961 1429 senibus
984 1346 1050 1430 qui·

95 1435 157 1498 bus
189 1437 236 1499 Ite
268 1435 378 1499 odiose
404 1437 551 1499 senectus
578 1439 675 1518 esset,
707 1439 744 1500 ut
775 1457 856 1499 onus
884 1456 917 1498 se
945 1433 1052 1496 Aetna

97 1524 226 1606 gravius
255 1522 396 1586 dicerent
419 1521 623 1606 sustinero¹):
651 1523 684 1586 id
706 1523 791 1586 unde
815 1525 977 1604 sumptum
1002 1522 1052 1604 stt,

97 1610 271 1690 anemine,
294 1609 379 1692 quod
403 1609 513 1690 seiam,
535 1609 697 1691 proditum
712 1611 768 1672 est.
798 1607 952 1671 Eruditus
976 1629 1052 1672 sene

96 1695 178 1782 vir2)
201 1718 237 1760 ae
260 1696 379 1758 multae
402 1695 562 1777 lectionis
590 1695 645 1778 qui
667 1699 717 1758 tot
739 1695 839 1758 millia
865 1695 1052 1778 παροιμιῶν

96 1805 197 1847 unum
220 1784 254 1846 in
278 1805 392 1866 corpus
416 1783 565 1865 eontuIIt‚
587 1782 649 1846 hoo
662 1805 729 1846 non
751 1783 838 1846 vidit.
870 1781 932 1846 Est
946 1786 1052 1846 eutem

97 1893 137 1934 ex
150 1871 317 1954 Euripide,
341 1870 426 1953 apud
440 1891 535 1953 quem
544 1864 700 1954 Ἡρακλεῖ
719 1868 909 1956 μαινομένῳ
929 1869 1052 1954 chorus

96 1959 154 2042 qui
176 1980 193 2022 e
217 1959 347 2022 senibus
370 1960 510 2039 constat,
537 1957 735 2021 iuventutem
762 1958 891 2042 quidem
914 1958 1053 2022 celebret

98 2068 135 2109 ac
157 2046 334 2130 praedicat:
356 2045 475 2109 malam
493 2066 577 2127 vero,
599 2048 636 2108 ut
657 2048 779 2109 veteres
798 2043 1053 2130 loquebantur³),

98 2137 236 2199 aetatem
259 2133 348 2197 miris
362 2132 466 2198 modis
481 2133 637 2216 exagitet,
659 2133 750 2216 eique
764 2133 866 2197 multa
880 2134 965 2197 mela
982 2155 1052 2217 pre-

94 2224 196 2285 ¹cetur.
240 2220 330 2285 Inter
349 2224 453 2285 cetera
468 2224 575 2284 eutem
590 2242 661 2284 eam
675 2221 752 2285 dicit
766 2243 847 2285 onus
864 2241 932 2284 esse
946 2220 1053 2284 Aetna

96 2310 236 2392 gravius
251 2331 313 2394 quo
327 2312 481 2393 perpetuo
495 2312 659 2392 premetur
673 2330 785 2374 senum
799 2312 903 2391 eaput.
931 2307 1052 2374 Versus

97 2395 132 2457 hi
164 2395 285 2480 sunt⁴)‚
318 2397 373 2479 qui
403 2401 513 2461 temen
543 2398 640 2482 vulgo
673 2397 766 2461 aliter
797 2398 961 2482 leguntur3
997 2397 1053 2462 sed

98 2502 159 2566 ego
182 2483 229 2546 ita
250 2483 402 2567 legendos
425 2488 517 2567 puto:

311 2583 331 2652 ἁ
354 2585 470 2664 νεότας
491 2611 548 2672 μοι
571 2593 682 2672 φίλον,

309 2671 345 2741 τὸ
370 2673 408 2742 δὲ
429 2677 533 2761 γῆρας
555 2671 660 2760 ἄχθος
682 2675 747 2742 αἰεὶ

309 2761 495 2848 βαρύτερον
518 2771 644 2840 Αἴτνας
666 2763 837 2829 σκοπέλων

309 2850 360 2916 ἐπὶ
383 2849 478 2935 κρατὶ
500 2863 613 2916 κεῖται.

97 2957 160 3022 Sed
183 2960 216 3020 et
238 2956 324 3040 apud
336 2954 518 3039 Plautum⁵)
540 2977 609 3019 non
630 2977 703 3019 raro
717 2955 763 3018 Ita
777 2976 868 3018 senes
892 2955 931 3018 de
949 2959 1052 3018 aetate

97 3067 156 3109 sue
169 3047 207 3108 ut
225 3045 262 3108 de
277 3043 368 3128 gravi
381 3042 489 3127 aliquo
509 3063 546 3106 se
562 3042 744 3126 ponderoso
760 3063 855 3107 onere
869 3043 1052 3127 loquuntur.

169 3200 189 3336 lt
207 3205 367 3324 telidiritls
385 3269 527 3323 Erasmus.

167 3337 188 3439 ἰ)
207 3340 302 3464 Plsp3t÷
316 3339 489 3464 Iponaeohm.
509 3339 542 3394 V.
561 3345 585 3394 2.
601 3344 626 3395 6.

169 3413 188 3549 *t
207 3427 242 3532 t.
261 3451 374 3534 ue'reit.
394 3481 443 3536 lv.
463 3486 486 3535 1.
506 3484 530 3535 5.
