2656 3910
484 233 664 290 EPISTOLA
682 234 755 289 VIII.
1053 233 1092 298 11

139 377 383 462 Vulgrisiorum.
430 375 492 454 Qui
515 377 597 444 sibe
621 380 655 442 ei
678 387 731 444 me
757 377 968 462 prodidemnb
993 399 1094 465 eaque

138 465 257 550 perfide
280 486 317 530 ac
330 465 491 544 malitiose
504 465 762 550 inierverterunb,
784 467 957 532 maximam
975 467 1095 534 mulam

139 557 263 639 pestem
283 575 393 620 eorum
412 554 510 638 capiti
527 575 656 638 precor,
679 557 717 620 ub
735 557 846 620 contra
864 553 970 620 Deum
988 555 1095 638 ipsum

141 662 197 708 oro
220 645 254 706 eb
267 663 396 726 quaeso,
419 642 447 708 si
461 643 538 726 quid
559 642 595 706 in
608 642 669 707 bae
690 663 725 708 re
744 665 765 710 a
782 663 834 709 mc
856 645 914 707 uui
935 643 1095 709 malitiose

139 733 197 794 sub
217 731 419 816 negligenter
440 730 562 796 factum
576 733 633 814 esi,
656 733 757 797 ubme
780 731 929 797 omnibus
947 731 1096 814 pessimis

141 819 294 902 exemplis
317 819 489 884 mulbabum
510 819 596 889 volit.
624 817 658 884 Si
682 819 758 904 quid
780 819 892 903 culpae
914 822 973 903 est,
993 841 1016 884 a
1036 817 1096 884 Le-

141 905 216 990 pido
226 909 289 971 est:
303 928 499 992 quamquam
512 906 607 971 huius
617 908 718 992 ipsius
727 908 851 972 nullam
859 907 958 972 fuisse
969 907 1096 991 culpam

140 996 228 1058 certo
252 995 327 1060 scio.
372 992 465 1070 Quod
486 1014 547 1080 ego
573 998 620 1079 be,
647 995 693 1059 mi
714 995 854 1077 Manubi,
881 1016 939 1078 per
966 995 1097 1078 genium

141 1085 233 1146 buum
255 1102 374 1166 perque
396 1082 486 1146 illam
507 1083 682 1148 maximam
705 1086 737 1147 et
765 1082 1001 1147 sanctissimam
1023 1103 1097 1148 oon·

141 1169 338 1233 iunctionem
360 1172 515 1253 nostram,
538 1190 635 1254 quam
657 1189 717 1256 ego
741 1191 866 1254 semper
889 1191 1014 1234 summa
1036 1170 1097 1235 fido

141 1260 175 1320 et
197 1257 281 1322 colui
304 1261 337 1321 eb
358 1258 476 1341 colam,
504 1257 636 1323 obsecro
659 1261 692 1322 eb
714 1258 871 1342 obtestor,
898 1259 1039 1342 primum
1061 1262 1099 1323 ub
1121 1327 1123 1336 ,

141 1345 263 1428 credas,
284 1345 367 1409 nihil
389 1366 479 1410 ame
502 1346 708 1422 commissum
722 1368 801 1431 esse,
824 1368 881 1411 cur
902 1347 968 1411 ulla
980 1348 1032 1411 vel
1053 1346 1097 1411 le·

141 1433 273 1498 sissimo
286 1434 398 1517 culpae
412 1433 551 1517 suspicio
565 1435 600 1498 in
613 1457 665 1499 me
678 1435 808 1500 haerere
824 1434 951 1522 debest,
974 1434 1097 1519 deinde,

143 1524 180 1584 ut
201 1521 263 1586 hoc
284 1523 346 1586 tibi
367 1523 649 1604 persuasissimum
672 1522 727 1606 sib,
750 1526 879 1588 sanium
900 1545 953 1587 me
976 1545 1016 1586 ex
1037 1523 1099 1588 hac

143 1631 176 1672 re
200 1610 342 1674 dolorem
364 1610 557 1693 percepisse,
581 1613 738 1694 quanbum
759 1631 863 1694 neque
886 1611 968 1675 ferre
991 1610 1098 1675 mode·

142 1701 211 1760 rate
233 1718 338 1782 neque
359 1697 427 1761 ullo
448 1697 545 1760 modo
559 1697 735 1780 exprimere
757 1719 898 1780 possum.
931 1695 1099 1763 Orasbinac

142 1788 218 1848 uuas
240 1786 367 1848 liiierae
389 1805 441 1848 me
455 1786 513 1848 aui
532 1785 723 1849 recreabunb
745 1788 801 1848 aut
814 1784 991 1850 conficient.
1013 1785 1099 1850 Nam

144 1873 174 1934 si
194 1872 273 1935 folia
294 1872 351 1935 illa
372 1873 420 1936 iba
441 1872 580 1955 iempom
602 1875 789 1955 recuperata
807 1873 882 1958 sint,
904 1876 942 1937 ub
959 1877 995 1937 bu
1017 1875 1100 1939 nihil

145 1977 247 2020 exea
271 1979 306 2021 re
334 1959 517 2023 detrimenti
540 1961 674 2044 ceperis,
700 1961 902 2045 reviviscam,
930 1962 981 2026 sin
1009 1984 1100 2026 secus

146 2044 304 2128 acciderit,
326 2066 394 2109 non
408 2045 528 2129 dubito,
552 2048 630 2131 quin
653 2069 691 2110 ex
706 2048 814 2113 dolore
836 2049 872 2112 in
890 2068 1021 2134 gravem
1044 2051 1100 2114 ali-

145 2154 241 2218 quem
263 2132 412 2197 morbum
433 2132 584 2198 incidam.
616 2133 716 2198 Filius
738 2138 813 2199 tuus
827 2137 897 2200 heri
919 2159 1013 2200 mane
1038 2137 1097 2202 dis·

147 2221 244 2286 cessit
265 2243 331 2285 unu
354 2242 426 2285 cum
444 2222 610 2307 magistro.
642 2221 784 2308 Uterque
799 2245 819 2287 a
832 2244 883 2286 me
905 2245 964 2306 pro
978 2225 1100 2289 viribus

146 2310 247 2374 amice
261 2312 295 2374 eb
307 2309 478 2395 diligcnier
499 2313 627 2376 curatus
643 2313 700 2376 esi.
727 2309 826 2376 Visus
840 2313 890 2376 est
911 2311 992 2376 mihi
1005 2313 1101 2396 plane

146 2397 331 2480 deposuisse
354 2398 443 2462 illam
466 2399 566 2463 animi
587 2398 800 2484 ferocitabem,
824 2420 904 2485 quse
928 2400 1101 2485 aliquando

145 2506 186 2548 ne
209 2507 274 2550 una
297 2508 369 2550 cum
392 2490 497 2552 sebabe
520 2491 714 2552 accrescereb
736 2488 937 2553 subverebar.
965 2489 1102 2554 Tenbavi

146 2572 253 2656 etiam,
277 2575 332 2638 sed
354 2574 475 2659 leviter,
498 2596 578 2660 quos
600 2596 790 2660 progressus
808 2576 937 2642 fecisset
958 2577 993 2640 in
1016 2578 1100 2642 libbe-

146 2661 200 2726 ris.
236 2659 296 2726 Vis
319 2666 428 2744 aperie
450 2666 557 2727 tecum
579 2662 726 2728 fabuler?
748 2662 847 2728 Visus
871 2668 920 2730 est
942 2665 1022 2729 mihi
1045 2667 1097 2731 do·

146 2749 228 2813 otior
254 2749 410 2834 magistro
438 2771 505 2816 suo.
551 2749 613 2816 Sed
641 2773 713 2816 cum
736 2753 855 2837 cogito,
878 2753 1004 2817 litterae
1026 2758 1101 2818 tuae

146 2857 198 2900 me
225 2837 427 2902 conturbans.
472 2837 592 2904 Scribis
619 2840 718 2923 enim,
745 2842 782 2903 ut
809 2841 850 2903 ad
875 2844 909 2904 te
937 2841 975 2904 de
1003 2841 1101 2906 filiolo

146 2928 202 2986 tuo
231 2925 350 3008 aliquid
378 2926 528 3010 scribam,
556 2927 647 3011 quasi
675 2931 770 2990 anbea
795 2929 879 2992 nihil
905 2928 1100 3011 scripserim,

147 3010 261 3074 deinde
283 3013 457 3095 respondes
472 3014 511 3076 dc
533 3013 616 3077 libro
630 3013 788 3077 Lambini.
815 3013 917 3098 Aequi
940 3034 1009 3098 ego,
1033 3015 1101 3100 qui·

146 3099 207 3162 bus
239 3099 355 3163 littaris
364 3098 388 3184 ¹)
420 3099 461 3162 ad
486 3103 519 3163 te
547 3100 586 3163 de
612 3099 761 3165 Lambini
792 3100 875 3166 libro
903 3101 1101 3188 scripseram,

146 3185 260 3251 iisdem
283 3188 324 3251 de'
335 3187 434 3252 filiolo
455 3190 512 3252 buo
536 3187 724 3272 scripseram
742 3190 852 3254 multa.
879 3189 993 3275 Iraque
1015 3191 1101 3257 hunc

147 3275 268 3339 nodum
290 3296 357 3339 non
379 3297 511 3359 possum
526 3277 706 3342 dissolvere.
733 3276 819 3342 Nam
833 3277 918 3363 quod
941 3278 982 3342 ad
1004 3279 1101 3344 finem

146 3360 328 3428 ioculariter
355 3364 481 3448 scribis,
507 3385 568 3430 nos
595 3365 717 3450 aliquid
744 3387 827 3449 esse,
854 3366 970 3449 quibus
997 3387 1102 3452 neque

220 3551 239 3622 ¹)
258 3553 299 3609 cf.
317 3569 401 3624 supra
418 3571 460 3625 cp.
478 3554 514 3611 V.
