2656 3910
228 246 271 309 96
561 243 740 298 EPISTOLA
758 241 855 298 LXXI.

227 412 278 454 me
303 390 492 455 confirmare
515 390 699 470 potuerunt,
722 389 759 450 ut
778 387 888 450 statim
908 385 948 449 ad
961 389 994 450 te
1008 387 1184 452 rescribere

228 478 387 542 auderem.
419 476 495 540 Misi
518 475 618 558 igitur
640 475 681 538 ad
694 473 783 539 Ioan.
797 474 980 574 Baptistam
994 474 1052 538 Αιι
1038 476 1184 559 ι,οιιιιιιι

228 567 296 650 (ille
316 565 402 628 enim
422 585 477 628 eas
496 564 576 626 mihi
591 559 783 647 curaverat)
808 563 863 646 qui
878 583 952 625 eum
965 583 1037 627 meo
1051 564 1184 627 nomine

227 655 367 738 rogaret,
389 652 485 716 ut1n
509 651 575 715 suis
600 651 641 714 ad
663 653 695 714 tc
718 650 836 714 litteris
861 650 1100 714 excusationem
1123 652 1184 715 tibi

227 762 333 804 meam
354 742 529 823 exponeret
547 739 824 823 pollicereturque,
846 759 897 801 me
917 737 1024 803 officio
1043 760 1112 802 non
1130 739 1183 803 de·

227 829 388 912 futurum,
411 828 507 892 simul
530 830 626 911 atque
650 826 741 890 dolor
765 829 822 891 aut
844 825 996 908 depulsus
1020 829 1076 890 aut
1098 827 1183 890 miti·

228 920 322 1001 gatus
351 879 449 980 fdret:
480 914 565 999 quod
593 936 666 979 eum
692 914 807 978 fecisse
830 935 897 978 non
921 914 1041 978 dubito.
1086 912 1183 978 Nunc

228 1026 301 1068 cum
319 1003 380 1068 Dei
403 1003 558 1068 beneficio
581 1024 649 1067 non
673 1002 802 1086 quidem
825 1023 876 1065 me
899 1003 995 1085 plane
1017 1001 1184 1087 reliquerit

228 1093 332 1176 dolor,
363 1092 419 1156 sed
448 1094 558 1156 tamen
586 1095 619 1155 ιι
645 1091 785 1155 multum
813 1088 851 1153 de
879 1090 980 1172 priori
1008 1090 1130 1155 acerbit
1116 1093 1183 1154 tate

227 1180 388 1244 remiserit
422 1182 455 1243 et
486 1180 657 1244 intervalla
689 1178 768 1242 satis
802 1177 914 1242 crebra
950 1178 1082 1242 habeat:
1115 1200 1184 1243 non

229 1267 373 1332 differam
401 1267 521 1331 diutius
549 1268 612 1332 hoc
640 1287 694 1330 ιιι
722 1266 876 1348 alienum,
904 1287 946 1329 ne
975 1266 1091 1330 merito
1115 1287 1183 1330 non

227 1355 366 1419 rusticus
394 1355 505 1437 mode,
535 1353 589 1418 sed
616 1355 713 1437 plane
741 1316 948 1436 ἀναίσθητος
969 1353 1091 1437 videar,
1119 1354 1183 1418 nisi

228 1443 458 1526 persentiscere
486 1464 536 1506 me
566 1442 749 1525 ostendere,
777 1445 934 1526 quantum
956 1441 1018 1505 tibi
1040 1442 1183 1526 debeam,

229 1532 285 1615 qui
303 1532 366 1594 ista
383 1531 502 1595 nobilit
487 1533 554 1594 tate
576 1531 711 1615 generis,
733 1492 796 1592 ista
811 1529 916 1614 dignit
918 1533 978 1612 ate,
1000 1531 1065 1593 ista
1079 1531 1183 1594 erudi·

228 1620 328 1684 tionis
359 1619 583 1704 magnitudine
613 1618 791 1701 praeditus,
823 1618 927 1681 fasces
957 1621 1068 1682 tamen
1098 1641 1183 1682 sum·

228 1708 355 1772 mittere
388 1711 421 1771 et
453 1707 491 1771 de
521 1729 628 1770 rerum
658 1727 802 1771 mearum
832 1709 919 1769 statu
949 1709 1017 1769 tam
1047 1706 1183 1770 sollicite

229 1801 325 1880 atque
353 1799 499 1858 amanter
526 1795 689 1878 exquirere
712 1815 779 1858 non
803 1793 953 1877 graveris.
989 1791 1075 1858 Nam
1098 1795 1183 1877 quod

228 1905 335 1947 meam
362 1884 574 1947 eruditionem
599 1885 631 1946 et
654 1882 868 1966 eloquentiam
890 1885 958 1944 tam
981 1881 1091 1945 multis
1114 1903 1183 1946 ver-

228 1971 278 2034 bis
302 1970 520 2122 commendas
542 1992 610 2035 non
632 1991 764 2054 possum
787 1969 934 2052 equidem
952 1991 1081 2054 negare,
1104 1970 1183 2072 quin

229 2059 308 2122 mihi
336 2059 557 2144 gratissimum
586 2059 628 2123 sit
613 2058 779 2122 tlaudari
809 2058 866 2122 abs
889 2062 922 2121 te
944 2057 1075 2122 laudato
1098 2059 1182 2123 ιιιο.

229 2147 285 2211 sed
316 2147 395 2211 mihi
430 2169 524 2230 saepe
556 2150 613 2210 tua
639 2147 766 2253 legenti
739 2146 987 2210 tiveniebat
977 2168 1013 2209 ιιι
1042 2148 1183 2210 mentem

228 2235 309 2299 illud
331 2232 587 2320 Homericum¹),
616 2229 707 2309 οὔτις
730 2257 782 2297 τοι
804 2229 887 2309 θεός
909 2235 985 2316 elac
1029 2232 1123 2297 Facis
1146 2237 1184 2300 tu

97 2387 102 2398 ,
228 2323 263 2386 in
287 2345 340 2408 ιο,
371 2325 456 2406 quod
478 2323 623 2406 plerique
645 2322 782 2404 faciunt,
809 2324 847 2384 ut
874 2343 957 2422 quae
985 2322 1046 2386 sibi
1074 2343 1183 2406 super-

230 2415 319 2493 sunt,
347 2411 419 2474 aliis
446 2433 514 2475 non
543 2413 674 2493 gravate
701 2409 862 2473 tribuant:
890 2409 936 2474 sic
966 2410 1096 2473 enimc
1079 2413 1184 2493 ettu,

230 2498 382 2582 quiveris
397 2519 434 2561 ac
453 2498 563 2562 solidis
581 2497 729 2562 laudibus
748 2495 939 2581 abundas‚t
924 2499 1086 2563 tenuiores
1106 2498 1184 2561 ami-

230 2587 318 2649 culos
351 2607 461 2649 earum
487 2607 555 2649 non
581 2585 701 2650 invitus
728 2548 903 2669 participes
928 2585 1017 2650 facis.
1069 2585 1184 2686 Itaque

229 2674 269 2736 iis
294 2673 422 2737 omissis
446 2673 487 2737 ad
511 2673 582 2751 alia,
606 2694 687 2756 quae
712 2674 792 2737 scire
815 2677 847 2736 te
867 2695 981 2756 cupere
1001 2674 1058 2757 ais,
1080 2674 1184 2774 venio.

229 2761 316 2846 Ege,
347 2761 472 2826 Iuliane
500 2762 545 2825 mi
571 2761 861 2844 praestantissime,
894 2761 1186 2845 aequitateanimr

230 2850 342 2913 eadem
369 2871 455 2934 eum,
483 2871 547 2935 qua
570 2871 696 2932 semper
718 2849 779 2932 fui3
808 2849 1008 2934 conditione,
1035 2850 1121 2934 quod
1144 2849 1185 2912 ad

229 2932 270 3002 τὰ
294 2937 420 3016 ἔξωθεν
443 2939 568 3021 attinet,
546 2938 780 3001 tmelioret
746 2940 842 3021 atque
866 2937 1067 3022 optabiliore.
1098 2935 1185 3001 Nam

231 3028 304 3090 e't
295 3049 382 3110 ipsos
413 3028 575 3111 principes
604 3026 742 3091 civitatis
771 3026 996 3110 amicissimos,
1028 3025 1185 3110 quosdam

231 3115 329 3178 etiam
352 3116 415 3179 mei
438 3116 599 3180 studiosos
622 3115 776 3198 habeo‚e
759 3117 792 3178 et
815 3136 914 3197 opum
936 3113 964 3178 is
987 3113 1102 3178 modus
1126 3115 1186 3196 est,

232 3202 288 3284 qui
310 3202 351 3264 ad
373 3202 548 3266 liberaliter
571 3201 744 3266 vivendum
763 3202 806 3266 sit
825 3203 913 3266 satis.
951 3200 1051 3267 Ouius
1069 3201 1117 3266 rei
1135 3202 1187 3266 vel

231 3289 293 3353 hoc
320 3288 381 3352 tibi
408 3292 634 3372 argumentum
662 3290 717 3371 ιιι,
745 3290 831 3373 quod
855 3290 1073 3372 superioribus
1097 3310 1186 3353 men-

232 3377 335 3462 sibus,
362 3378 463 3461 petita
491 3376 580 3460 prius
609 3376 676 3441 eius
703 3377 751 3440 rei
774 3398 793 3441 a
815 3375 970 3442 Pontifioe
992 3379 1101 3462 venia,
1127 3399 1185 3462 pu-

305 3567 324 3627 ¹l
343 3567 375 3623 Il.
394 3568 440 3623 IV.
460 3573 503 3622 58.
