2658 3914
491 243 609 300 CAPUT
628 243 724 298 LVIII.
1021 239 1083 303 197

128 388 309 472 offendunt,
334 391 372 454 ut
399 387 508 452 omnia
532 388 568 452 in
594 390 762 451 numerato
789 385 922 469 habent,
950 387 988 448 nt
1014 387 1085 447 tota

129 497 240 540 corum
267 475 336 540 sine
363 476 429 540 ullo
460 475 689 558 impedimento
721 495 758 538 ac
786 473 919 537 salebris
947 471 1086 536 decurrIt

128 564 245 628 oratio!
282 562 329 626 At
350 563 453 628 nostri
475 563 635 644 homines,
659 562 756 625 etiam
778 562 814 643 ii,
838 561 893 645 qui
908 559 969 624 sibi
988 563 1085 623 estu·

129 651 255 716 diorum
285 651 448 715 laboribus
479 651 634 732 pallorem
666 653 700 712 et
729 649 865 713 maciem
897 652 930 711 et
961 647 1085 711 senium

129 740 367 820 contraxerunt,
395 737 423 802 si
450 737 577 822 quando
600 737 715 800 Latine
741 737 934 819 loquendum
962 738 1023 817 est,
1050 738 1087 798 nt

128 826 304 908 luctantur,
318 829 355 889 ut
367 825 498 908 sudant,
517 829 553 888 ut
567 824 733 888 anhelant!
762 823 880 888 Credas
899 843 953 886 eos
967 842 1086 907 magna

129 913 162 976 vi
176 933 215 976 ex
227 913 302 976 imis
316 913 523 996 pulmonibus
537 913 635 976 verba
648 932 769 975 eruere:
793 932 865 975 cum
888 910 959 974 istis
974 913 1085 973 eontra

130 1001 199 1064 sine
212 1001 279 1064 ulla
299 1021 375 1064 cura
388 1021 426 1064 ao
446 1001 640 1084 cogitatione
654 999 739 1083 iugis
762 999 919 1082 quaedam
941 1017 979 1060 ac
992 997 1087 1060 beata

129 1086 318 1151 Latinarum
348 1109 463 1152 vocum
495 1087 588 1171 copia
618 1086 708 1170 ultro,
736 1107 774 1149 ex
803 1107 856 1150 ore
889 1105 1019 1148 manare
1050 1105 1086 1147 ae

131 1175 295 1239 decurrere
317 1174 471 1239 videatur.
515 1173 577 1239 Est
598 1175 680 1238 istuc
705 1175 845 1258 quidem,
867 1173 1013 1258 inquam,
1040 1171 1087 1234 ita

131 1266 168 1326 ut
191 1263 282 1345 dicis,
296 1261 389 1326 Dari:
413 1263 468 1327 sed
491 1265 600 1326 tamen
622 1263 721 1326 habet
744 1266 776 1326 et
789 1260 885 1326 Italia
905 1260 1086 1344 praeclaros

130 1351 229 1435 viros,
251 1350 368 1435 quique
383 1354 416 1414 et
430 1351 631 1414 ornatissime
646 1347 801 1432 scribant,
824 1353 857 1413 et
879 1347 1086 1413 disertissime

131 1459 168 1502 ac
191 1437 423 1520 copiosissime,
449 1459 522 1502 curn
550 1459 630 1521 opus
659 1441 721 1520 est,
747 1439 928 1522 loquantur.
972 1436 1086 1500 Manu·

130 1525 226 1606 tium,
248 1524 367 1607 inquit,
389 1525 527 1590 fortasse
551 1526 639 1608 dicis,
662 1529 694 1590 et
708 1524 883 1609 Sigonium,
906 1528 940 1587 et
954 1523 1087 1586 Petrum

130 1611 288 1676 loannem
314 1609 493 1692 Maffeium,
520 1616 576 1674 aut
605 1633 643 1674 ex
670 1612 782 1674 eadem
808 1611 977 1674 sodalitate
1004 1631 1087 1692 eum,

131 1697 222 1762 cuius
246 1696 355 1761 audita
369 1700 471 1760 morte
485 1697 623 1760 ubertim
637 1697 698 1760 tibi
719 1718 821 1780 nuper
842 1698 1000 1781 lacrymas
1022 1697 1086 1760 issa

131 1785 278 1868 memini,
300 1782 538 1867 Perpinianum,
562 1789 594 1847 et
616 1785 644 1848 si
667 1806 747 1867 quos
769 1785 850 1848 tales
864 1785 916 1848 vix
942 1784 1086 1868 singulos

132 1872 278 1956 singulae
301 1875 422 1936 aetates
445 1871 561 1936 ferunt.
605 1871 650 1938 Et
671 1873 766 1955 istos,
787 1872 928 1955 inquam,
951 1874 984 1935 et
998 1871 1086 1955 alios,

133 1981 328 2043 quamquam
355 1961 383 2024 is
406 1960 547 2044 quidem,
576 1980 670 2043 quem
691 1962 729 2023 tu
750 1962 913 2042 postremo
935 1960 1006 2023 loco
1029 1981 1086 2023 no·

132 2047 276 2129 minasti,
303 2047 481 2130 Hispanus,
508 2068 575 2112 non
596 2046 698 2111 Italus
719 2047 797 2111 fuit:
825 2047 881 2110 sed
906 2047 953 2110 ita
976 2047 1030 2110 diu
1052 2046 1087 2109 in

131 2133 227 2197 Italia
248 2135 365 2218 fuerat,
388 2138 425 2198 ut
446 2157 506 2219 pro
527 2135 611 2199 Italo
633 2135 745 2198 haberi
767 2137 885 2217 posset
930 2133 1032 2209 Quem
1050 2136 1086 2197 tu

134 2222 250 2304 virum,
271 2221 364 2305 Dari,
386 2223 511 2286 utinam
525 2223 633 2286 audire
655 2223 828 2305 potuisses,
850 2242 953 2305 neque
966 2224 1008 2304 te,
1023 2242 1086 2305 quo

133 2313 276 2391 tempore
298 2309 352 2372 ille
374 2309 409 2373 in
431 2309 492 2374 hac
514 2311 592 2374 urbe
609 2311 808 2394 eloquentiae
830 2310 1000 2393 praccepta
1022 2312 1086 2371 tra-

133 2395 242 2477 debat,
265 2396 328 2461 alio
350 2397 434 2461 vitae
462 2418 577 2482 genere
599 2398 798 2480 implicatum
822 2398 895 2461 aula
917 2396 1086 2461 tenuisset:

132 2501 298 2564 nunquam
331 2485 417 2546 enim
448 2507 640 2570 quemquam
668 2485 810 2570 audiisti,
842 2506 879 2549 ac
905 2505 946 2548 ne
977 2485 1086 2549 audies

134 2567 271 2651 quidem,
294 2571 331 2632 ut
353 2571 480 2653 opinor,
502 2573 537 2635 in
559 2593 653 2657 quem
676 2574 755 2638 illud
782 2574 821 2638 de
844 2571 981 2638 Nestore
1005 2574 1086 2637 eolo-

133 2654 223 2740 gium
245 2655 360 2720 melius
383 2660 580 2723 conveniret:
607 2660 704 2726 Gaius
725 2681 762 2726 ca
783 2683 834 2727 ore
854 2662 942 2726 arella
968 2661 1087 2725 dulcior

131 2741 247 2822 stertat
271 2743 411 2830 orati01).
460 2744 523 2812 Sed
550 2748 626 2831 quid
648 2750 806 2831 estquod
829 2753 877 2830 tu,
905 2749 1086 2832 colloquen-

132 2829 221 2894 tibus
242 2831 350 2914 nobis‚
373 2833 423 2896 bis
445 2837 533 2898 terve
561 2838 643 2899 nutu
660 2836 740 2898 mihi
757 2835 865 2899 nescio
889 2835 966 2917 quid
988 2837 1086 2916 signi-

131 2917 229 2980 ficare
250 2917 338 2981 visus
361 2920 416 2982 es?
451 2919 588 3004 Egone?
617 2922 735 3004 inquit:
762 2919 921 2985 Dolebam
944 2921 1086 2984 excidere

131 3002 293 3068 interdum
325 3005 488 3088 grandIori
518 3007 579 3088 illi,
615 3008 669 3091 qui
700 3010 807 3070 tecum
837 3007 1087 3092 colloquebatur,

132 3111 227 3156 voees
250 3091 404 3174 quasdam
418 3093 524 3156 minus
538 3092 684 3177 Latinas,
707 3095 823 3177 quibus
836 3095 891 3158 ille
913 3099 1087 3178 perpetuus

132 3178 258 3243 subitae
282 3179 435 3244 orationis
457 3179 545 3244 nitor
558 3181 649 3265 quasi
667 3182 801 3246 maculis
824 3183 1014 3267 quibusdam
1038 3184 1084 3248 in-

131 3265 319 3330 fuscaretur.
365 3265 450 3342 Quas
465 3268 606 3352 quaeso?
627 3269 773 3354 inquam:
797 3292 873 3334 nam
887 3293 938 3335 me
957 3272 1086 3356 quidem

130 3352 196 3415 alia
218 3353 414 3435 cogitantem
436 3356 720 3439 praetervolarunt.
769 3356 887 3438 Coelen,
914 3360 1032 3444 inquit,
1058 3365 1087 3424 et

207 3539 227 3607 ¹)
245 3539 300 3596 Cic.
319 3542 353 3598 de
371 3546 472 3600 senect.
492 3563 514 3602 c.
536 3553 577 3602 10.
596 3547 630 3603 el.
649 3547 730 3603 Hom.
748 3549 781 3605 11.
800 3549 821 3602 Ι.
841 3554 903 3605 249.
