2658 3914
661 204 742 259 VAR.
760 203 862 258 Lucu.

623 450 764 518 CAPUT
786 452 907 517 XXIX.

288 574 386 641 QUOD
401 572 643 629 THEOPOMPUS
658 574 706 627 DE
716 571 1012 628 LACEDAEMONIIS
1025 573 1136 640 DIXIT,
1150 573 1242 630 IDEM

362 663 411 717 DE
430 662 606 717 FORTUNA
625 659 773 726 QUOQUE
791 660 931 714 MERITO
950 660 1025 715 DIOI
1042 661 1161 717 POSSE.

353 788 552 853 Evolvebam
573 808 676 871 nuper
690 787 850 851 Theodori
872 787 1036 852 cuiusdam
1049 787 1241 853 Metochitae

236 900 238 904 ’
288 878 419 959 hbrum,
442 876 531 940 cuius
553 876 634 940 mihi
648 875 773 958 copiam
786 875 906 939 fecerat
926 875 1023 940 homo
1043 897 1115 940 cum
1137 875 1240 959 philo-

289 965 419 1049 sophiae
451 986 488 1028 ac
519 964 701 1048 theologiae
729 963 861 1028 scientia
887 967 1067 1047 praestans,
1098 968 1168 1027 tum
1195 965 1242 1028 ita

288 1054 387 1118 comis
413 1056 509 1137 atque
537 1053 695 1135 amabilis,
722 1055 759 1115 ut
785 1072 859 1115 eum
884 1051 973 1135 ipsae
1001 1051 1066 1116 suis
1093 1053 1240 1117 manibus

288 1140 416 1205 Gratiae
444 1141 574 1204 finxisse
606 1161 643 1204 ac
674 1138 890 1223 composuisse
921 1138 1100 1222 videantur,
1132 1137 1240 1204 Sixtus

287 1229 439 1311 Medioes‚
467 1227 705 1293 Dominicanus.
760 1225 912 1292 Continet
938 1229 1045 1291 autern
1075 1227 1157 1291 liber
1186 1228 1240 1292 ille

287 1321 416 1380 centum
447 1315 564 1398 viginti
594 1338 661 1380 non
688 1336 765 1378 sane
793 1315 1041 1379 contemnendas
1073 1315 1170 1379 variis
1202 1316 1240 1379 de

288 1406 384 1469 rebus
421 1403 654 1487 disputationes
691 1401 813 1467 Graeco
854 1424 998 1468 sermone
1034 1402 1241 1488 conscriptas,

288 1514 423 1577 quarum
448 1491 484 1554 in
510 1513 576 1554 una
600 1491 776 1574 reperimus
802 1491 893 1575 haec,
921 1513 1001 1575 quae
1028 1492 1241 1576 subiiciemuS,

286 1580 322 1644 in
344 1581 492 1644 fortunae
515 1579 759 1643 instabilitatem
786 1582 881 1663 atque
903 1580 1153 1644 inconstantiam
1174 1602 1242 1644 non

286 1669 443 1732 inurbane
474 1689 577 1751 neque
608 1667 735 1750 illepide
764 1667 861 1732 dicta:
894 1688 975 1752 quae
1005 1668 1100 1732 nobis
1128 1689 1243 1732 caussa

286 1756 362 1840 fuit,
389 1778 445 1820 our
471 1777 509 1819 ea
530 1755 591 1820 hoc
613 1757 683 1820 loco
706 1777 964 1839 proponeremus.
1014 1755 1241 1840 Theopompus

286 1844 459 1908 historicus
473 1844 617 1907 aculeata
629 1842 898 1908 Lacedaemonios
921 1843 1065 1908 oratione
1086 1845 1241 1926 perstrin-

288 1952 367 2016 gens
400 1932 618 2015 improbarum
654 1953 709 1996 eos
745 1930 913 1994 mulierum
944 1953 1123 2015 cauponam
1154 1953 1242 1996 exer·

287 2019 428 2083 centium
455 2019 575 2083 similes
607 2041 677 2082 esse
709 2019 846 2097 dicebat,
875 2040 955 2103 quae
985 2019 1168 2103 hospitibus
1201 2021 1243 2084 ad

288 2129 321 2171 se
349 2107 579 2171 divertentibus
605 2107 716 2171 vinum
742 2107 835 2170 initio
863 2111 896 2170 et
926 2110 1071 2191 gustatu,
1085 2129 1181 2172 suave
1210 2113 1245 2173 et

287 2217 347 2259 usu
371 2196 498 2260 salubre
521 2195 688 2279 praebent,
711 2195 823 2259 callide
836 2194 870 2259 id
892 2198 1059 2279 astuteque
1077 2195 1244 2280 facientes,

287 2286 324 2346 ut
345 2287 514 2367 argentum
542 2283 652 2346 abeis
677 2283 819 2346 eliciant:
846 2284 959 2365 postea
984 2305 1059 2348 vero
1083 2283 1170 2347 aliud
1192 2283 1244 2348 in·

286 2371 427 2434 fundunt
452 2370 515 2434 vile
542 2373 575 2432 et
601 2373 786 2452 corruptum
813 2373 846 2433 et
871 2370 997 2434 acidum
1024 2392 1124 2455 eoque
1150 2371 1244 2454 ipsos

286 2457 335 2521 uti
356 2460 486 2541 cogunt.
531 2455 583 2520 Sic
606 2457 691 2520 enirn
714 2460 747 2520 et
766 2456 1034 2522 Lacedaemonios
1056 2457 1149 2522 initio
1172 2460 1246 2524 eius

286 2544 376 2627 belli,
403 2545 487 2628 quod
515 2544 665 2608 adversus
688 2544 902 2609 Athenienses
925 2549 1105 2630 gesserumt,
1128 2545 1246 2610 callide

285 2632 413 2714 fecisse,
435 2635 473 2695 ut
495 2635 616 2696 ceteros
635 2631 772 2697 Graecos
794 2637 949 2717 tanquam
973 2633 1161 2698 suavissimo
1184 2657 1246 2717 po-

287 2720 357 2783 culo
386 2719 494 2783 oblato
522 2720 701 2803 allicerent,
733 2743 805 2784 cum
833 2721 924 2804 quasi
955 2721 1082 2785 tabellis
1114 2722 1248 2804 publice

285 2807 459 2891 propositis
481 2808 706 2891 profiterentur
729 2829 765 2871 ao
787 2809 1040 2892 promulgarent,
1069 2829 1184 2892 cupere
1210 2832 1248 2874 se

286 2893 452 2959 Graeciam
476 2918 495 2959 a
518 2896 683 2960 dominatu
700 2895 946 2959 Atheniensium
968 2896 1143 2960 vindicare:
1166 2901 1250 2979 post

286 2987 393 3052 autem
420 2984 466 3047 eis
498 2983 698 3048 amarissima
729 2986 761 3047 et
788 2983 1013 3048 insuavissima
1040 2985 1156 3066 pocula
1182 2986 1248 3048 rni-

286 3072 405 3135 scuisse
441 3071 577 3134 refertae
608 3071 748 3154 undique
775 3070 931 3136 molestiis
963 3070 1047 3134 vitae
1078 3073 1112 3134 et
1141 3092 1248 3156 nego·

286 3158 406 3222 tiorum
428 3158 650 3222 acerbissimos
674 3159 799 3222 dolores
822 3158 1031 3240 inurentium,
1053 3180 1126 3222 cum
1148 3180 1249 3241 prae-

284 3245 416 3307 ficerent
439 3245 621 3308 civitatibus
644 3243 848 3309 Decemviros
872 3249 904 3308 et
930 3245 1092 3328 praesides
1121 3245 1250 3329 impor-

283 3331 483 3412 tunissimos,
521 3331 575 3414 qui
607 3352 661 3394 eas
692 3332 861 3414 tyrannico
893 3332 1027 3416 imperio
1059 3339 1253 3416 premerent

284 3421 479 3500 agerentque
509 3438 558 3500 ea,
591 3439 671 3500 quae
698 3418 875 3500 asperrima
902 3441 1055 3502 perpessu
1081 3420 1251 3507 planeque

281 3503 499 3570 intolerabilia
526 3507 642 3568 essent.
694 3502 756 3569 Sed
788 3505 874 3569 enim
901 3507 985 3589 quod
1012 3507 1253 3592 Theopompus
