2658 3914
537 215 656 271 CAPUT
675 217 720 271 Xl.
1038 213 1100 278 133

148 361 303 425 inclinato
319 360 401 424 sole:
425 362 530 424 aestas
550 361 635 424 enim
650 363 734 442 erat,
757 359 874 444 ibique,
899 359 984 444 quod
1008 360 1100 423 aedes

150 449 228 512 satis
261 449 386 531 amplae
414 450 506 512 erant
535 449 676 533 satisque
707 448 846 532 apricae,
877 451 933 511 aut
960 447 1019 511 sub
1048 447 1100 511 dio

149 536 318 600 ambulans
355 539 388 600 et
428 557 501 600 cum
541 536 728 620 aequalibus
771 536 837 600 suis
872 535 1101 599 iucundissime

151 625 349 708 colloquens,
377 627 434 688 aut
456 624 552 707 saltu,
580 626 636 688 aut
657 625 755 707 lucta,
783 626 839 687 aut
860 623 1014 708 trigonali
1036 623 1103 705 pila

151 732 266 794 corpus
296 733 458 795 exercens,
489 711 591 776 fessas
619 712 797 777 studiorum
824 712 988 776 laboribus
1018 711 1102 774 vires

151 800 377 863 honestissime
405 799 574 864 reficiebat.
619 799 742 864 Rumor
774 804 855 882 erat,
888 803 997 863 tenere
1030 820 1102 862 eum

152 889 253 950 artem
290 887 451 971 quandam
487 889 672 970 memoriae,
715 889 803 953 cuius
846 888 963 952 auxilio
1001 886 1103 950 multa

152 974 300 1056 efficeret,
323 997 404 1058 quae
427 975 520 1057 credi,
543 976 606 1040 nisi
629 979 781 1058 spectata,
804 997 871 1039 non
892 977 1034 1057 possent.
1069 973 1102 1037 Is

152 1083 225 1126 cum
257 1062 298 1126 ad
335 1084 427 1126 aures
463 1084 551 1127 meas
587 1064 730 1146 perlatus
767 1066 864 1146 esset,
900 1062 1015 1145 cupido
1052 1083 1102 1124 me

152 1149 286 1213 incessit
308 1149 469 1214 mirabilia
490 1150 547 1214 illa
569 1155 602 1214 et
624 1151 768 1215 inaudita
791 1150 965 1233 spectandi.
1009 1147 1102 1213 Eius·

152 1238 239 1302 modi
254 1239 339 1301 enim
353 1238 388 1302 in
402 1238 497 1302 rebus
512 1238 643 1302 minime
663 1240 807 1304 omnium
824 1239 942 1302 auditis
957 1237 1102 1302 credulus

153 1347 221 1389 esse
254 1327 351 1390 soleo.
395 1325 510 1391 Visum
539 1329 588 1390 est
614 1327 726 1412 igitur,
755 1327 882 1412 quando
909 1327 979 1412 ipse
1007 1327 1102 1391 domo

152 1435 225 1478 mea
265 1414 423 1478 arbitratu
459 1436 517 1480 suo
558 1419 713 1499 uteretur,
755 1416 817 1481 hoo
853 1416 894 1480 ab
930 1437 968 1480 eo
1011 1414 1104 1498 quasi

154 1499 300 1566 ἐνοίκιον
326 1502 467 1586 exigere,
494 1507 543 1586 ut,
574 1503 659 1587 quod
689 1504 751 1568 sibi
778 1503 981 1569 commodum
1012 1503 1104 1584 foret,

154 1592 321 1671 praesente
351 1611 402 1653 me
430 1591 509 1654 artis
544 1611 620 1654 suae
649 1591 810 1673 specimen
843 1590 973 1674 aliquod
1006 1590 1103 1652 daret.

154 1675 212 1739 Ille
248 1676 329 1739 nihil
367 1681 519 1759 gravatus
554 1677 776 1741 lubentissime
814 1678 922 1740 animo
953 1698 996 1758 se,
1032 1697 1105 1740 oum

153 1763 278 1846 vellem,
305 1763 467 1827 facturum
490 1785 559 1828 esse
581 1765 756 1847 respondit.
801 1764 933 1829 Placuit.
979 1762 1105 1845 Statim,

155 1871 227 1914 cum
254 1871 312 1934 per
338 1851 445 1933 ipsum
471 1873 562 1916 mora
589 1874 656 1917 non
683 1855 776 1935 esset,
805 1874 870 1916 una
900 1874 1020 1935 omnes,
1051 1853 1105 1936 qui

155 1938 334 2018 aderamus,
361 1939 396 2001 in
423 1939 604 2021 proximum
631 1941 812 2005 cubiculum
834 1941 973 2025 ingressi
995 1961 1104 2004 conse-

156 2025 268 2089 dimus.
313 2023 412 2108 Coepi
436 2047 495 2110 ego
525 2028 643 2092 dictare
666 2029 799 2092 nomina
821 2028 946 2105 Latina,
974 2027 1105 2111 Graeca,

155 2110 307 2193 Barbara,
330 2113 555 2199 significantia,
577 2115 658 2178 nihil
673 2116 897 2200 significantia,
919 2120 986 2180 tam
1008 2117 1106 2198 varia,

154 2204 222 2264 tam
253 2201 334 2265 nihil
362 2202 447 2266 inter
473 2223 507 2267 se
537 2203 750 2288 cohaerentia,
776 2207 844 2268 tam
871 2204 981 2286 multa,
1011 2208 1047 2266 ut
1073 2207 1107 2267 et

156 2309 216 2373 ego
244 2289 405 2370 dictando,
432 2291 465 2354 et
491 2312 578 2374 puer,
606 2292 657 2356 cui
683 2293 871 2356 mandatum
899 2296 975 2374 erat,
1005 2295 1042 2355 ut
1068 2313 1106 2355 ea

156 2377 323 2460 exciperet,
346 2378 522 2462 scribendo,
545 2384 578 2443 et
591 2381 696 2463 ceteri,
720 2381 775 2464 qui
789 2381 930 2464 aderant,
948 2379 1106 2444 audiendo

156 2467 253 2546 atque
280 2466 493 2548 exspectando
520 2468 597 2532 fessi
623 2469 687 2532 iam
715 2469 804 2532 miris
831 2469 935 2534 modis
963 2489 1106 2532 essemus

157 2571 279 2614 omnes.
331 2551 405 2635 Ipse
441 2575 524 2617 unus
560 2576 599 2618 ex
635 2557 723 2620 omni
759 2579 891 2622 numero
929 2558 1034 2621 alacer
1069 2577 1107 2620 ac

155 2659 267 2703 recens
291 2639 418 2704 assidue
445 2642 538 2724 plura
564 2645 725 2727 poscebat.
773 2643 835 2710 Sed
858 2667 930 2710 oum
953 2665 1014 2729 ego
1037 2645 1107 2727 ipse

155 2726 287 2791 modum
318 2728 457 2812 aliquem
489 2730 557 2794 fieri
598 2736 745 2816 oportere
781 2733 944 2816 dixissem,
980 2732 1107 2796 abunde

155 2813 236 2877 mihi
259 2816 461 2880 satisfactum
475 2817 524 2902 iri,
546 2819 575 2882 si
597 2820 647 2884 vel
670 2821 835 2884 dimidiam
852 2824 977 2903 partem
991 2840 1108 2901 eorum,

157 2922 238 2982 quae
261 2901 346 2966 dicta
373 2909 474 2981 erant,
500 2907 634 2970 recitare
661 2910 834 2991 potuisset:
862 2911 932 2971 tum
957 2906 1012 2969 ille
1043 2906 1108 2969 fixo

158 2985 199 3050 ad
221 2990 341 3052 terram
364 2991 479 3054 obtutu
502 3013 623 3076 magna
644 2997 757 3058 nostra
779 2994 922 3057 omnium
945 2997 1106 3076 exspecta-

155 3074 244 3138 tione
270 3076 387 3140 tacitus
416 3077 611 3162 aliquamdiu
639 3081 736 3145 stetit.
783 3080 866 3157 Quid
893 3081 997 3145 verbis
1026 3102 1108 3165 opus

156 3162 228 3226 est?
271 3163 338 3228 vidi
373 3165 507 3249 facinus,
543 3170 581 3232 ut
615 3167 669 3232 ille
706 3169 752 3232 ait
767 3167 802 3252 ¹),
838 3169 1107 3234 mirificissimum.

151 3243 196 3312 ‘0
219 3247 394 3334 δαιμόνιος
421 3251 546 3330 ἐκεῖνος
579 3277 711 3322 exorsus
747 3258 836 3342 loqui
864 3258 960 3343 plane
990 3258 1109 3341 omnia,

155 3337 268 3403 eodem
291 3340 415 3425 ordine,
443 3363 602 3426 nusquam
628 3367 728 3430 prope
757 3347 919 3430 insistens,
947 3366 1107 3428 nusquam

228 3529 247 3597 ¹)
267 3529 376 3587 Terent.
395 3532 499 3588 Phorm
525 3534 557 3590 V.
578 3541 599 3590 6.
622 3542 665 3592 31.
