<?xml version="1.0" encoding="UTF-8"?>
<!DOCTYPE html PUBLIC "-//W3C//DTD XHTML 1.0 Transitional//EN"
    "http://www.w3.org/TR/xhtml1/DTD/xhtml1-transitional.dtd">
<html xmlns="http://www.w3.org/1999/xhtml" xml:lang="en" lang="en">
 <head>
  <title>
</title>
<meta http-equiv="Content-Type" content="text/html;charset=utf-8" />
  <meta name='ocr-system' content='tesseract 3.04.00' />
  <meta name='ocr-capabilities' content='ocr_page ocr_carea ocr_par ocr_line ocrx_word'/>
</head>
<body>
  <div class='ocr_page' id='page_1' title='image "./scriptaselecta01muregoog_0142.png"; bbox 0 0 2658 3914; ppageno 0'>
   <div class='ocr_carea' id='block_1_1' title="bbox 534 132 1112 196">
    <p class='ocr_par' dir='ltr' id='par_1_1' title="bbox 534 132 1112 196">
     <span class='ocr_line' id='line_1_1' title="bbox 534 132 1112 196; baseline 0.016 -10"><span class='ocrx_word' id='word_1_1' title='bbox 534 133 654 187; x_wconf 83' lang='lat' dir='ltr'><strong>CAPUT</strong></span> <span class='ocrx_word' id='word_1_2' title='bbox 673 133 733 186; x_wconf 89' lang='lat' dir='ltr'>XII.</span> <span class='ocrx_word' id='word_1_3' title='bbox 1049 132 1112 196; x_wconf 82' lang='lat'>135</span> 
     </span>
    </p>
   </div>
   <div class='ocr_carea' id='block_1_2' title="bbox 158 257 1111 361">
    <p class='ocr_par' dir='ltr' id='par_1_2' title="bbox 158 257 1111 361">
     <span class='ocr_line' id='line_1_2' title="bbox 158 257 1111 361; baseline 0 -22"><span class='ocrx_word' id='word_1_4' title='bbox 158 274 276 339; x_wconf 91' lang='lat' dir='ltr'>habeo:</span> <span class='ocrx_word' id='word_1_5' title='bbox 304 276 368 340; x_wconf 91' lang='lat' dir='ltr'>nisi</span> <span class='ocrx_word' id='word_1_6' title='bbox 391 257 474 341; x_wconf 83' lang='lat' dir='ltr'>forte</span> <span class='ocrx_word' id='word_1_7' title='bbox 497 275 629 360; x_wconf 79' lang='lat' dir='ltr'>Cyrum,</span> <span class='ocrx_word' id='word_1_8' title='bbox 656 299 751 361; x_wconf 90' lang='lat' dir='ltr'>quem</span> <span class='ocrx_word' id='word_1_9' title='bbox 777 267 945 361; x_wconf 81' lang='lat' dir='ltr'>Plinius1),</span> <span class='ocrx_word' id='word_1_10' title='bbox 969 275 1111 351; x_wconf 83' lang='lat' dir='ltr'>Quinoti-</span> 
     </span>
    </p>
   </div>
   <div class='ocr_carea' id='block_1_3' title="bbox 157 360 1137 2325">
    <p class='ocr_par' dir='ltr' id='par_1_3' title="bbox 157 360 1137 2325">
     <span class='ocr_line' id='line_1_3' title="bbox 159 360 1111 448; baseline 0.001 -22"><span class='ocrx_word' id='word_1_11' title='bbox 159 360 295 448; x_wconf 82' lang='lat' dir='ltr'>lianus²)</span> <span class='ocrx_word' id='word_1_12' title='bbox 315 368 348 427; x_wconf 95' lang='lat' dir='ltr'>et</span> <span class='ocrx_word' id='word_1_13' title='bbox 370 365 425 427; x_wconf 84' lang='lat' dir='ltr'>alii</span> <span class='ocrx_word' id='word_1_14' title='bbox 439 363 546 428; x_wconf 86' lang='lat' dir='ltr'>Latini</span> <span class='ocrx_word' id='word_1_15' title='bbox 567 366 738 448; x_wconf 80' lang='lat' dir='ltr'>scriptores</span> <span class='ocrx_word' id='word_1_16' title='bbox 755 365 957 428; x_wconf 85' lang='lat' dir='ltr'>tradiderunt</span> <span class='ocrx_word' id='word_1_17' title='bbox 970 364 1111 428; x_wconf 89' lang='lat' dir='ltr'>tenuisse</span> 
     </span>
     <span class='ocr_line' id='line_1_4' title="bbox 159 450 1111 535; baseline 0.001 -21"><span class='ocrx_word' id='word_1_18' title='bbox 159 451 302 515; x_wconf 88' lang='lat' dir='ltr'>omnium</span> <span class='ocrx_word' id='word_1_19' title='bbox 317 452 456 515; x_wconf 90' lang='lat' dir='ltr'>militum</span> <span class='ocrx_word' id='word_1_20' title='bbox 479 453 620 516; x_wconf 91' lang='lat' dir='ltr'>nomina.</span> <span class='ocrx_word' id='word_1_21' title='bbox 658 450 720 516; x_wconf 85' lang='lat' dir='ltr'>Sed</span> <span class='ocrx_word' id='word_1_22' title='bbox 732 452 803 533; x_wconf 88' lang='lat' dir='ltr'>hoe,</span> <span class='ocrx_word' id='word_1_23' title='bbox 826 456 863 515; x_wconf 89' lang='lat' dir='ltr'>ut</span> <span class='ocrx_word' id='word_1_24' title='bbox 875 473 986 516; x_wconf 89' lang='lat' dir='ltr'>verum</span> <span class='ocrx_word' id='word_1_25' title='bbox 999 451 1111 535; x_wconf 66' lang='lat' dir='ltr'>sacar,</span> 
     </span>
     <span class='ocr_line' id='line_1_5' title="bbox 158 540 1110 624; baseline 0.002 -23"><span class='ocrx_word' id='word_1_26' title='bbox 158 560 284 621; x_wconf 83' lang='lat' dir='ltr'><strong>semper</strong></span> <span class='ocrx_word' id='word_1_27' title='bbox 315 541 434 603; x_wconf 89' lang='lat' dir='ltr'>veritus</span> <span class='ocrx_word' id='word_1_28' title='bbox 467 561 537 604; x_wconf 91' lang='lat' dir='ltr'>sum</span> <span class='ocrx_word' id='word_1_29' title='bbox 577 562 674 624; x_wconf 90' lang='lat' dir='ltr'>quam</span> <span class='ocrx_word' id='word_1_30' title='bbox 703 540 901 604; x_wconf 87' lang='lat' dir='ltr'>considerate</span> <span class='ocrx_word' id='word_1_31' title='bbox 932 544 1029 624; x_wconf 85' lang='lat' dir='ltr'>atque</span> <span class='ocrx_word' id='word_1_32' title='bbox 1060 561 1110 603; x_wconf 88' lang='lat' dir='ltr'>ex-</span> 
     </span>
     <span class='ocr_line' id='line_1_6' title="bbox 157 627 1111 711; baseline 0.002 -22"><span class='ocrx_word' id='word_1_33' title='bbox 157 627 281 709; x_wconf 88' lang='lat' dir='ltr'>plorate</span> <span class='ocrx_word' id='word_1_34' title='bbox 309 629 525 692; x_wconf 75' lang='lat' dir='ltr'><strong>tradidissent.</strong></span> <span class='ocrx_word' id='word_1_35' title='bbox 579 627 762 711; x_wconf 87' lang='lat' dir='ltr'>Xenophon</span> <span class='ocrx_word' id='word_1_36' title='bbox 793 628 891 709; x_wconf 88' lang='lat' dir='ltr'>enim,</span> <span class='ocrx_word' id='word_1_37' title='bbox 925 650 944 691; x_wconf 87' lang='lat' dir='ltr'>a</span> <span class='ocrx_word' id='word_1_38' title='bbox 974 649 1037 711; x_wconf 91' lang='lat' dir='ltr'>quo</span> <span class='ocrx_word' id='word_1_39' title='bbox 1063 628 1111 691; x_wconf 94' lang='lat' dir='ltr'>illi</span> 
     </span>
     <span class='ocr_line' id='line_1_7' title="bbox 157 713 1111 800; baseline 0.003 -24"><span class='ocrx_word' id='word_1_40' title='bbox 157 713 208 777; x_wconf 86' lang='lat' dir='ltr'>vel</span> <span class='ocrx_word' id='word_1_41' title='bbox 230 736 304 798; x_wconf 93' lang='lat' dir='ltr'>uno,</span> <span class='ocrx_word' id='word_1_42' title='bbox 327 717 377 778; x_wconf 85' lang='lat' dir='ltr'>vel</span> <span class='ocrx_word' id='word_1_43' title='bbox 399 716 578 799; x_wconf 88' lang='lat' dir='ltr'>praecipue,</span> <span class='ocrx_word' id='word_1_44' title='bbox 606 737 687 800; x_wconf 87' lang='lat' dir='ltr'>quae</span> <span class='ocrx_word' id='word_1_45' title='bbox 711 716 749 779; x_wconf 89' lang='lat' dir='ltr'>de</span> <span class='ocrx_word' id='word_1_46' title='bbox 773 714 856 798; x_wconf 79' lang='lat' dir='ltr'>Cyro</span> <span class='ocrx_word' id='word_1_47' title='bbox 879 715 1038 798; x_wconf 76' lang='lat' dir='ltr'>dicebant,</span> <span class='ocrx_word' id='word_1_48' title='bbox 1061 736 1111 779; x_wconf 86' lang='lat' dir='ltr'>ac-</span> 
     </span>
     <span class='ocr_line' id='line_1_8' title="bbox 158 802 1137 887; baseline 0.002 -23"><span class='ocrx_word' id='word_1_49' title='bbox 158 802 263 885; x_wconf 88' lang='lat' dir='ltr'>cipere</span> <span class='ocrx_word' id='word_1_50' title='bbox 290 807 476 887; x_wconf 88' lang='lat' dir='ltr'>potuerunt,</span> <span class='ocrx_word' id='word_1_51' title='bbox 504 804 591 868; x_wconf 84' lang='lat' dir='ltr'>istud</span> <span class='ocrx_word' id='word_1_52' title='bbox 617 808 685 867; x_wconf 83' lang='lat' dir='ltr'>tam</span> <span class='ocrx_word' id='word_1_53' title='bbox 714 803 899 867; x_wconf 85' lang='lat' dir='ltr'>incredibile</span> <span class='ocrx_word' id='word_1_54' title='bbox 928 824 995 867; x_wconf 92' lang='lat' dir='ltr'>non</span> <span class='ocrx_word' id='word_1_55' title='bbox 1025 803 1137 886; x_wconf 69' lang='lat' dir='ltr'>dicit.</span> 
     </span>
     <span class='ocr_line' id='line_1_9' title="bbox 159 884 1112 973; baseline 0.002 -21"><span class='ocrx_word' id='word_1_56' title='bbox 159 890 215 953; x_wconf 90' lang='lat' dir='ltr'>sed</span> <span class='ocrx_word' id='word_1_57' title='bbox 241 894 367 953; x_wconf 85' lang='lat' dir='ltr'>tantum</span> <span class='ocrx_word' id='word_1_58' title='bbox 395 912 467 955; x_wconf 88' lang='lat' dir='ltr'>eum</span> <span class='ocrx_word' id='word_1_59' title='bbox 494 892 636 956; x_wconf 90' lang='lat' dir='ltr'>tenuisse</span> <span class='ocrx_word' id='word_1_60' title='bbox 667 892 800 954; x_wconf 86' lang='lat' dir='ltr'>nomina</span> <span class='ocrx_word' id='word_1_61' title='bbox 826 891 894 955; x_wconf 79' lang='lat' dir='ltr'>cciv</span> <span class='ocrx_word' id='word_1_62' title='bbox 923 885 976 973; x_wconf 84' lang='grc' dir='ltr'>ὑφ’</span> <span class='ocrx_word' id='word_1_63' title='bbox 1007 884 1112 955; x_wconf 82' lang='grc' dir='ltr'><em>αὑτόν</em></span> 
     </span>
     <span class='ocr_line' id='line_1_10' title="bbox 158 971 1111 1062; baseline 0.002 -22"><span class='ocrx_word' id='word_1_64' title='bbox 158 971 347 1059; x_wconf 77' lang='grc' dir='ltr'><em>ἡγεμόνων,</em></span> <span class='ocrx_word' id='word_1_65' title='bbox 381 980 465 1062; x_wconf 91' lang='lat' dir='ltr'>quod</span> <span class='ocrx_word' id='word_1_66' title='bbox 497 983 534 1043; x_wconf 85' lang='lat' dir='ltr'>ut</span> <span class='ocrx_word' id='word_1_67' title='bbox 569 981 603 1043; x_wconf 91' lang='lat' dir='ltr'>in</span> <span class='ocrx_word' id='word_1_68' title='bbox 637 980 830 1060; x_wconf 76' lang='lat' dir='ltr'>imperatore</span> <span class='ocrx_word' id='word_1_69' title='bbox 860 978 1022 1042; x_wconf 82' lang='lat' dir='ltr'>laudabile</span> <span class='ocrx_word' id='word_1_70' title='bbox 1054 983 1111 1062; x_wconf 88' lang='lat' dir='ltr'>est,</span> 
     </span>
     <span class='ocr_line' id='line_1_11' title="bbox 157 1064 1112 1150; baseline 0.002 -23"><span class='ocrx_word' id='word_1_71' title='bbox 157 1065 203 1127; x_wconf 89' lang='lat' dir='ltr'>ita</span> <span class='ocrx_word' id='word_1_72' title='bbox 225 1086 292 1128; x_wconf 92' lang='lat' dir='ltr'>non</span> <span class='ocrx_word' id='word_1_73' title='bbox 315 1066 438 1129; x_wconf 87' lang='lat' dir='ltr'>excedit</span> <span class='ocrx_word' id='word_1_74' title='bbox 459 1066 563 1131; x_wconf 87' lang='lat' dir='ltr'>fidem.</span> <span class='ocrx_word' id='word_1_75' title='bbox 608 1065 725 1149; x_wconf 89' lang='lat' dir='ltr'>Locus,</span> <span class='ocrx_word' id='word_1_76' title='bbox 748 1067 776 1130; x_wconf 90' lang='lat' dir='ltr'>si</span> <span class='ocrx_word' id='word_1_77' title='bbox 799 1064 871 1149; x_wconf 89' lang='lat' dir='ltr'>quis</span> <span class='ocrx_word' id='word_1_78' title='bbox 893 1065 1039 1150; x_wconf 89' lang='lat' dir='ltr'>requirit,</span> <span class='ocrx_word' id='word_1_79' title='bbox 1063 1069 1112 1130; x_wconf 89' lang='lat' dir='ltr'>est</span> 
     </span>
     <span class='ocr_line' id='line_1_12' title="bbox 158 1151 1112 1240; baseline 0.004 -26"><span class='ocrx_word' id='word_1_80' title='bbox 158 1152 239 1216; x_wconf 91' lang='lat' dir='ltr'>libro</span> <span class='ocrx_word' id='word_1_81' title='bbox 273 1153 385 1236; x_wconf 90' lang='lat' dir='ltr'>quinto</span> <span class='ocrx_word' id='word_1_82' title='bbox 418 1151 608 1240; x_wconf 71' lang='lat' dir='ltr'>nucdetu3³).</span> <span class='ocrx_word' id='word_1_83' title='bbox 667 1152 753 1218; x_wconf 86' lang='lat' dir='ltr'>Fieri</span> <span class='ocrx_word' id='word_1_84' title='bbox 785 1157 892 1217; x_wconf 86' lang='lat' dir='ltr'>autem</span> <span class='ocrx_word' id='word_1_85' title='bbox 924 1157 1044 1237; x_wconf 89' lang='lat' dir='ltr'>potest,</span> <span class='ocrx_word' id='word_1_86' title='bbox 1075 1157 1112 1218; x_wconf 92' lang='lat' dir='ltr'>ut</span> 
     </span>
     <span class='ocr_line' id='line_1_13' title="bbox 157 1239 1110 1327; baseline 0.003 -24"><span class='ocrx_word' id='word_1_87' title='bbox 157 1239 346 1305; x_wconf 85' lang='lat' dir='ltr'>Latinorum</span> <span class='ocrx_word' id='word_1_88' title='bbox 377 1242 506 1326; x_wconf 89' lang='lat' dir='ltr'>aliquis,</span> <span class='ocrx_word' id='word_1_89' title='bbox 539 1243 594 1327; x_wconf 91' lang='lat' dir='ltr'>qui</span> <span class='ocrx_word' id='word_1_90' title='bbox 626 1243 733 1307; x_wconf 92' lang='lat' dir='ltr'>locum</span> <span class='ocrx_word' id='word_1_91' title='bbox 764 1243 854 1306; x_wconf 91' lang='lat' dir='ltr'>illum</span> <span class='ocrx_word' id='word_1_92' title='bbox 885 1241 1110 1326; x_wconf 89' lang='lat' dir='ltr'>Xenophontis</span> 
     </span>
     <span class='ocr_line' id='line_1_14' title="bbox 158 1330 1110 1414; baseline 0.001 -22"><span class='ocrx_word' id='word_1_93' title='bbox 158 1330 240 1393; x_wconf 85' lang='lat' dir='ltr'>male</span> <span class='ocrx_word' id='word_1_94' title='bbox 264 1330 451 1414; x_wconf 80' lang='lat' dir='ltr'>accepisset,</span> <span class='ocrx_word' id='word_1_95' title='bbox 474 1331 554 1396; x_wconf 86' lang='lat' dir='ltr'>alios</span> <span class='ocrx_word' id='word_1_96' title='bbox 577 1334 691 1414; x_wconf 87' lang='lat' dir='ltr'>postea</span> <span class='ocrx_word' id='word_1_97' title='bbox 714 1331 902 1395; x_wconf 88' lang='lat' dir='ltr'>auctoritate</span> <span class='ocrx_word' id='word_1_98' title='bbox 927 1330 1041 1395; x_wconf 88' lang='lat' dir='ltr'>suain</span> <span class='ocrx_word' id='word_1_99' title='bbox 1064 1351 1110 1393; x_wconf 89' lang='lat' dir='ltr'>er·</span> 
     </span>
     <span class='ocr_line' id='line_1_15' title="bbox 157 1417 1110 1484; baseline 0 -4"><span class='ocrx_word' id='word_1_100' title='bbox 157 1438 262 1481; x_wconf 91' lang='lat' dir='ltr'>rorem</span> <span class='ocrx_word' id='word_1_101' title='bbox 290 1417 459 1483; x_wconf 86' lang='lat' dir='ltr'>induxerit.</span> <span class='ocrx_word' id='word_1_102' title='bbox 513 1419 585 1484; x_wconf 91' lang='lat' dir='ltr'>Hoc</span> <span class='ocrx_word' id='word_1_103' title='bbox 617 1420 703 1484; x_wconf 90' lang='lat' dir='ltr'>enim</span> <span class='ocrx_word' id='word_1_104' title='bbox 735 1440 802 1484; x_wconf 93' lang='lat' dir='ltr'>non</span> <span class='ocrx_word' id='word_1_105' title='bbox 834 1419 932 1483; x_wconf 89' lang='lat' dir='ltr'>semel</span> <span class='ocrx_word' id='word_1_106' title='bbox 962 1418 1110 1482; x_wconf 86' lang='lat' dir='ltr'>novimus</span> 
     </span>
     <span class='ocr_line' id='line_1_16' title="bbox 158 1504 1110 1588; baseline 0.001 -21"><span class='ocrx_word' id='word_1_107' title='bbox 158 1505 340 1588; x_wconf 85' lang='lat' dir='ltr'>contigisse.</span> <span class='ocrx_word' id='word_1_108' title='bbox 399 1504 459 1570; x_wconf 81' lang='lat' dir='ltr'>Sed</span> <span class='ocrx_word' id='word_1_109' title='bbox 492 1511 602 1572; x_wconf 81' lang='lat' dir='ltr'>tamen</span> <span class='ocrx_word' id='word_1_110' title='bbox 633 1509 694 1571; x_wconf 87' lang='lat' dir='ltr'>hac</span> <span class='ocrx_word' id='word_1_111' title='bbox 727 1508 765 1571; x_wconf 93' lang='lat' dir='ltr'>de</span> <span class='ocrx_word' id='word_1_112' title='bbox 797 1529 831 1570; x_wconf 91' lang='lat' dir='ltr'>re</span> <span class='ocrx_word' id='word_1_113' title='bbox 863 1507 944 1570; x_wconf 89' lang='lat' dir='ltr'>nihil</span> <span class='ocrx_word' id='word_1_114' title='bbox 977 1506 1110 1569; x_wconf 87' lang='lat' dir='ltr'>affirmo.</span> 
     </span>
     <span class='ocr_line' id='line_1_17' title="bbox 158 1589 1110 1677; baseline 0.002 -23"><span class='ocrx_word' id='word_1_115' title='bbox 158 1589 234 1655; x_wconf 90' lang='lat' dir='ltr'>Non</span> <span class='ocrx_word' id='word_1_116' title='bbox 257 1593 318 1655; x_wconf 86' lang='lat' dir='ltr'>erit</span> <span class='ocrx_word' id='word_1_117' title='bbox 341 1593 489 1676; x_wconf 90' lang='lat' dir='ltr'>alienum,</span> <span class='ocrx_word' id='word_1_118' title='bbox 512 1598 650 1677; x_wconf 86' lang='lat' dir='ltr'>utputo,</span> <span class='ocrx_word' id='word_1_119' title='bbox 673 1594 830 1656; x_wconf 87' lang='lat' dir='ltr'>ascribere</span> <span class='ocrx_word' id='word_1_120' title='bbox 843 1593 905 1657; x_wconf 90' lang='lat' dir='ltr'>hoc</span> <span class='ocrx_word' id='word_1_121' title='bbox 928 1594 998 1657; x_wconf 85' lang='lat' dir='ltr'>loco</span> <span class='ocrx_word' id='word_1_122' title='bbox 1022 1592 1110 1656; x_wconf 89' lang='lat' dir='ltr'>disti-</span> 
     </span>
     <span class='ocr_line' id='line_1_18' title="bbox 158 1678 1110 1766; baseline 0.001 -25"><span class='ocrx_word' id='word_1_123' title='bbox 158 1678 255 1761; x_wconf 88' lang='lat' dir='ltr'>chon,</span> <span class='ocrx_word' id='word_1_124' title='bbox 284 1701 347 1763; x_wconf 92' lang='lat' dir='ltr'>quo</span> <span class='ocrx_word' id='word_1_125' title='bbox 377 1678 571 1763; x_wconf 87' lang='lat' dir='ltr'>Simonides,</span> <span class='ocrx_word' id='word_1_126' title='bbox 599 1682 654 1766; x_wconf 92' lang='lat' dir='ltr'>qui</span> <span class='ocrx_word' id='word_1_127' title='bbox 678 1681 758 1762; x_wconf 92' lang='lat' dir='ltr'>eius,</span> <span class='ocrx_word' id='word_1_128' title='bbox 787 1681 824 1744; x_wconf 92' lang='lat' dir='ltr'>de</span> <span class='ocrx_word' id='word_1_129' title='bbox 849 1701 912 1764; x_wconf 86' lang='lat' dir='ltr'>qua</span> <span class='ocrx_word' id='word_1_130' title='bbox 938 1680 1037 1745; x_wconf 89' lang='lat' dir='ltr'>locuti</span> <span class='ocrx_word' id='word_1_131' title='bbox 1060 1702 1110 1742; x_wconf 92' lang='lat' dir='ltr'>su-</span> 
     </span>
     <span class='ocr_line' id='line_1_19' title="bbox 158 1767 1110 1851; baseline 0.001 -22"><span class='ocrx_word' id='word_1_132' title='bbox 158 1788 240 1848; x_wconf 89' lang='lat' dir='ltr'>mus,</span> <span class='ocrx_word' id='word_1_133' title='bbox 262 1767 340 1830; x_wconf 87' lang='lat' dir='ltr'>artis</span> <span class='ocrx_word' id='word_1_134' title='bbox 368 1771 459 1851; x_wconf 85' lang='lat' dir='ltr'>pater</span> <span class='ocrx_word' id='word_1_135' title='bbox 485 1768 584 1832; x_wconf 85' lang='lat' dir='ltr'>fuisse</span> <span class='ocrx_word' id='word_1_136' title='bbox 611 1769 762 1851; x_wconf 88' lang='lat' dir='ltr'>traditur,</span> <span class='ocrx_word' id='word_1_137' title='bbox 794 1768 859 1831; x_wconf 89' lang='lat' dir='ltr'>iam</span> <span class='ocrx_word' id='word_1_138' title='bbox 887 1767 1110 1850; x_wconf 83' lang='lat' dir='ltr'>octogenarius</span> 
     </span>
     <span class='ocr_line' id='line_1_20' title="bbox 159 1853 1110 1939; baseline 0.003 -23"><span class='ocrx_word' id='word_1_139' title='bbox 159 1853 315 1936; x_wconf 84' lang='lat' dir='ltr'>gloriatus</span> <span class='ocrx_word' id='word_1_140' title='bbox 343 1860 404 1938; x_wconf 88' lang='lat' dir='ltr'>est,</span> <span class='ocrx_word' id='word_1_141' title='bbox 432 1856 592 1920; x_wconf 89' lang='lat' dir='ltr'>neminem</span> <span class='ocrx_word' id='word_1_142' title='bbox 622 1856 683 1919; x_wconf 91' lang='lat' dir='ltr'>sibi</span> <span class='ocrx_word' id='word_1_143' title='bbox 711 1855 866 1920; x_wconf 85' lang='lat' dir='ltr'>memoria</span> <span class='ocrx_word' id='word_1_144' title='bbox 893 1876 1002 1939; x_wconf 83' lang='lat' dir='ltr'>parem</span> <span class='ocrx_word' id='word_1_145' title='bbox 1026 1876 1110 1919; x_wconf 86' lang='lat' dir='ltr'>esse:</span> 
     </span>
     <span class='ocr_line' id='line_1_21' title="bbox 202 1954 1089 2044; baseline 0.003 -23"><span class='ocrx_word' id='word_1_146' title='bbox 202 1955 354 2041; x_wconf 80' lang='grc' dir='ltr'><em>Μνήμην</em></span> <span class='ocrx_word' id='word_1_147' title='bbox 377 1954 407 2023; x_wconf 85' lang='lat' dir='ltr'>d&#39;</span> <span class='ocrx_word' id='word_1_148' title='bbox 434 1954 551 2024; x_wconf 79' lang='grc' dir='ltr'><em>οὔτινά</em></span> <span class='ocrx_word' id='word_1_149' title='bbox 577 1984 661 2043; x_wconf 85' lang='grc' dir='ltr'><em>φημι</em></span> <span class='ocrx_word' id='word_1_150' title='bbox 684 1961 860 2044; x_wconf 77' lang='grc' dir='ltr'><em>Σιμωνίδῃ</em></span> <span class='ocrx_word' id='word_1_151' title='bbox 885 1961 1089 2044; x_wconf 76' lang='grc' dir='ltr'><em>ἰσοφαρίζειν</em></span> 
     </span>
     <span class='ocr_line' id='line_1_22' title="bbox 246 2041 938 2133; baseline 0.003 -23"><span class='ocrx_word' id='word_1_152' title='bbox 246 2041 574 2133; x_wconf 50' lang='grc' dir='ltr'><em>Ὀνδοηκονταετεῧ),</em></span> <span class='ocrx_word' id='word_1_153' title='bbox 597 2044 691 2111; x_wconf 76' lang='grc' dir='ltr'><em>παιδὶ</em></span> <span class='ocrx_word' id='word_1_154' title='bbox 714 2046 938 2132; x_wconf 78' lang='grc' dir='ltr'><strong><em>Λεωπρεπὲος.</em></strong></span> 
     </span>
     <span class='ocr_line' id='line_1_23' title="bbox 158 2149 1111 2236; baseline 0.001 -21"><span class='ocrx_word' id='word_1_155' title='bbox 158 2149 205 2215; x_wconf 78' lang='lat' dir='ltr'>At</span> <span class='ocrx_word' id='word_1_156' title='bbox 217 2152 408 2236; x_wconf 88' lang='lat' dir='ltr'>Apollonius</span> <span class='ocrx_word' id='word_1_157' title='bbox 422 2153 580 2236; x_wconf 82' lang='lat' dir='ltr'>Tyaneus,</span> <span class='ocrx_word' id='word_1_158' title='bbox 602 2174 674 2217; x_wconf 88' lang='lat' dir='ltr'>cum</span> <span class='ocrx_word' id='word_1_159' title='bbox 697 2156 825 2216; x_wconf 88' lang='lat' dir='ltr'>centum</span> <span class='ocrx_word' id='word_1_160' title='bbox 842 2152 978 2217; x_wconf 88' lang='lat' dir='ltr'>haberet</span> <span class='ocrx_word' id='word_1_161' title='bbox 999 2174 1111 2236; x_wconf 91' lang='lat' dir='ltr'>annos,</span> 
     </span>
     <span class='ocr_line' id='line_1_24' title="bbox 158 2240 898 2325; baseline 0.003 -22"><span class='ocrx_word' id='word_1_162' title='bbox 158 2243 228 2303; x_wconf 87' lang='lat' dir='ltr'>tum</span> <span class='ocrx_word' id='word_1_163' title='bbox 252 2261 377 2325; x_wconf 90' lang='lat' dir='ltr'>quoque</span> <span class='ocrx_word' id='word_1_164' title='bbox 401 2241 557 2306; x_wconf 88' lang='lat' dir='ltr'>memoria</span> <span class='ocrx_word' id='word_1_165' title='bbox 580 2240 766 2305; x_wconf 84' lang='lat' dir='ltr'>excelluisse</span> <span class='ocrx_word' id='word_1_166' title='bbox 789 2241 898 2306; x_wconf 85' lang='lat' dir='ltr'>fertur.</span> 
     </span>
    </p>
   </div>
   <div class='ocr_carea' id='block_1_4' title="bbox 518 2433 750 2500">
    <p class='ocr_par' dir='ltr' id='par_1_4' title="bbox 518 2433 750 2500">
     <span class='ocr_line' id='line_1_25' title="bbox 518 2433 750 2500; baseline 0.009 -2"><span class='ocrx_word' id='word_1_167' title='bbox 518 2433 661 2499; x_wconf 79' lang='lat' dir='ltr'>CAPUT</span> <span class='ocrx_word' id='word_1_168' title='bbox 683 2433 750 2500; x_wconf 90' lang='lat' dir='ltr'>XlI.</span> 
     </span>
    </p>
   </div>
   <div class='ocr_carea' id='block_1_5' title="bbox 219 2551 1049 2698">
    <p class='ocr_par' dir='ltr' id='par_1_5' title="bbox 219 2551 1049 2698">
     <span class='ocr_line' id='line_1_26' title="bbox 219 2551 1049 2611; baseline 0.002 -3"><span class='ocrx_word' id='word_1_169' title='bbox 219 2551 291 2608; x_wconf 80' lang='lat' dir='ltr'>CUR</span> <span class='ocrx_word' id='word_1_170' title='bbox 309 2553 487 2608; x_wconf 84' lang='lat' dir='ltr'>TIBULLUS</span> <span class='ocrx_word' id='word_1_171' title='bbox 505 2553 657 2610; x_wconf 82' lang='lat' dir='ltr'>PORCUM</span> <span class='ocrx_word' id='word_1_172' title='bbox 675 2554 839 2610; x_wconf 79' lang='lat' dir='ltr'>HOSTIAM</span> <span class='ocrx_word' id='word_1_173' title='bbox 857 2554 1049 2611; x_wconf 77' lang='lat' dir='ltr'><strong>MYSTIGAM</strong></span> 
     </span>
     <span class='ocr_line' id='line_1_27' title="bbox 554 2642 715 2698; baseline 0.012 -2"><span class='ocrx_word' id='word_1_174' title='bbox 554 2642 715 2698; x_wconf 83' lang='lat' dir='ltr'>DIXERl&#39;l&#39;.</span> 
     </span>
    </p>
   </div>
   <div class='ocr_carea' id='block_1_6' title="bbox 157 2747 1111 3010">
    <p class='ocr_par' dir='ltr' id='par_1_6' title="bbox 157 2747 1111 3010">
     <span class='ocr_line' id='line_1_28' title="bbox 224 2747 1110 2836; baseline 0.002 -24"><span class='ocrx_word' id='word_1_175' title='bbox 224 2747 299 2814; x_wconf 92' lang='lat' dir='ltr'>Non</span> <span class='ocrx_word' id='word_1_176' title='bbox 323 2751 414 2833; x_wconf 89' lang='lat' dir='ltr'>satis,</span> <span class='ocrx_word' id='word_1_177' title='bbox 442 2751 527 2835; x_wconf 92' lang='lat' dir='ltr'>quod</span> <span class='ocrx_word' id='word_1_178' title='bbox 551 2752 662 2834; x_wconf 88' lang='lat' dir='ltr'>sciam,</span> <span class='ocrx_word' id='word_1_179' title='bbox 690 2773 894 2836; x_wconf 84' lang='lat' dir='ltr'>aquoquam</span> <span class='ocrx_word' id='word_1_180' title='bbox 917 2751 1110 2834; x_wconf 82' lang='lat' dir='ltr'>explicatum</span> 
     </span>
     <span class='ocr_line' id='line_1_29' title="bbox 158 2837 1111 2922; baseline 0.002 -24"><span class='ocrx_word' id='word_1_181' title='bbox 158 2839 220 2919; x_wconf 87' lang='lat' dir='ltr'>est,</span> <span class='ocrx_word' id='word_1_182' title='bbox 247 2858 302 2900; x_wconf 87' lang='lat' dir='ltr'>eur</span> <span class='ocrx_word' id='word_1_183' title='bbox 329 2837 474 2902; x_wconf 84' lang='lat' dir='ltr'>Tibullus</span> <span class='ocrx_word' id='word_1_184' title='bbox 505 2860 639 2922; x_wconf 89' lang='lat' dir='ltr'>porcum</span> <span class='ocrx_word' id='word_1_185' title='bbox 669 2838 799 2902; x_wconf 76' lang='lat' dir='ltr'>hostiam</span> <span class='ocrx_word' id='word_1_186' title='bbox 832 2841 992 2920; x_wconf 77' lang='lat' dir='ltr'>mysticam</span> <span class='ocrx_word' id='word_1_187' title='bbox 1018 2860 1111 2903; x_wconf 84' lang='lat' dir='ltr'>voca-</span> 
     </span>
     <span class='ocr_line' id='line_1_30' title="bbox 157 2922 462 3010; baseline 0.01 -25"><span class='ocrx_word' id='word_1_188' title='bbox 157 2922 240 2985; x_wconf 88' lang='lat' dir='ltr'>verit</span> <span class='ocrx_word' id='word_1_189' title='bbox 262 2944 300 2986; x_wconf 90' lang='lat' dir='ltr'>eo</span> <span class='ocrx_word' id='word_1_190' title='bbox 323 2923 462 3010; x_wconf 67' lang='lat' dir='ltr'>versu5),</span> 
     </span>
    </p>
   </div>
   <div class='ocr_carea' id='block_1_7' title="bbox 268 3028 985 3112">
    <p class='ocr_par' dir='ltr' id='par_1_7' title="bbox 268 3028 985 3112">
     <span class='ocr_line' id='line_1_31' title="bbox 268 3028 985 3112; baseline 0.008 -21"><span class='ocrx_word' id='word_1_191' title='bbox 268 3028 440 3110; x_wconf 78' lang='lat' dir='ltr'>Hostiaque</span> <span class='ocrx_word' id='word_1_192' title='bbox 461 3030 590 3110; x_wconf 81' lang='lat' dir='ltr'>cpleno</span> <span class='ocrx_word' id='word_1_193' title='bbox 615 3031 745 3111; x_wconf 78' lang='lat' dir='ltr'>mystica</span> <span class='ocrx_word' id='word_1_194' title='bbox 762 3049 876 3112; x_wconf 81' lang='lat' dir='ltr'>porcus</span> <span class='ocrx_word' id='word_1_195' title='bbox 898 3031 985 3097; x_wconf 81' lang='lat' dir='ltr'>tara.</span> 
     </span>
    </p>
   </div>
   <div class='ocr_carea' id='block_1_8' title="bbox 230 3164 620 3374">
    <p class='ocr_par' dir='ltr' id='par_1_8' title="bbox 230 3164 620 3374">
     <span class='ocr_line' id='line_1_32' title="bbox 233 3164 620 3233; baseline 0.01 -15"><span class='ocrx_word' id='word_1_196' title='bbox 233 3165 251 3233; x_wconf 92' lang='lat'>¹)</span> <span class='ocrx_word' id='word_1_197' title='bbox 271 3164 341 3219; x_wconf 88' lang='lat' dir='ltr'>Hist.</span> <span class='ocrx_word' id='word_1_198' title='bbox 361 3167 419 3221; x_wconf 85' lang='lat' dir='ltr'>nat.</span> <span class='ocrx_word' id='word_1_199' title='bbox 437 3165 496 3222; x_wconf 91' lang='lat' dir='ltr'>Vll.</span> <span class='ocrx_word' id='word_1_200' title='bbox 516 3172 557 3232; x_wconf 79' lang='lat'>24,</span> <span class='ocrx_word' id='word_1_201' title='bbox 577 3172 620 3222; x_wconf 82' lang='grc'>88.</span> 
     </span>
     <span class='ocr_line' id='line_1_33' title="bbox 230 3234 574 3304; baseline 0.012 -16"><span class='ocrx_word' id='word_1_202' title='bbox 230 3235 335 3304; x_wconf 80' lang='lat' dir='ltr'>’)Iust.</span> <span class='ocrx_word' id='word_1_203' title='bbox 357 3234 402 3292; x_wconf 89' lang='lat' dir='ltr'>Or.</span> <span class='ocrx_word' id='word_1_204' title='bbox 421 3235 468 3291; x_wconf 88' lang='lat' dir='ltr'>Xl.</span> <span class='ocrx_word' id='word_1_205' title='bbox 488 3243 513 3304; x_wconf 78' lang='lat'>2,</span> <span class='ocrx_word' id='word_1_206' title='bbox 533 3243 574 3292; x_wconf 82' lang='lat'>50.</span> 
     </span>
     <span class='ocr_line' id='line_1_34' title="bbox 230 3307 399 3374; baseline 0.012 -14"><span class='ocrx_word' id='word_1_207' title='bbox 230 3307 250 3374; x_wconf 78' lang='lat'>³)</span> <span class='ocrx_word' id='word_1_208' title='bbox 270 3323 292 3360; x_wconf 89' lang='lat' dir='ltr'>c.</span> <span class='ocrx_word' id='word_1_209' title='bbox 312 3313 337 3360; x_wconf 84' lang='lat'>8.</span> <span class='ocrx_word' id='word_1_210' title='bbox 356 3313 399 3362; x_wconf 74' lang='lat'>47.</span> 
     </span>
    </p>
   </div>
   <div class='ocr_carea' id='block_1_9' title="bbox 228 3372 598 3516">
    <p class='ocr_par' dir='ltr' id='par_1_9' title="bbox 228 3372 598 3516">
     <span class='ocr_line' id='line_1_35' title="bbox 229 3372 598 3446; baseline 0.011 -16"><span class='ocrx_word' id='word_1_211' title='bbox 229 3376 249 3438; x_wconf 88' lang='lat'>⁴)</span> <span class='ocrx_word' id='word_1_212' title='bbox 268 3377 349 3432; x_wconf 87' lang='lat' dir='ltr'>scrib.</span> <span class='ocrx_word' id='word_1_213' title='bbox 368 3372 598 3446; x_wconf 77' lang='grc' dir='ltr'><em>ὁγδωκονταετεΐ.</em></span> 
     </span>
     <span class='ocr_line' id='line_1_36' title="bbox 228 3446 475 3516; baseline 0.02 -17"><span class='ocrx_word' id='word_1_214' title='bbox 228 3446 250 3515; x_wconf 75' lang='lat'>⁶)</span> <span class='ocrx_word' id='word_1_215' title='bbox 268 3447 310 3500; x_wconf 80' lang='grc' dir='ltr'>Ει.</span> <span class='ocrx_word' id='word_1_216' title='bbox 330 3447 350 3502; x_wconf 89' lang='lat'>1.</span> <span class='ocrx_word' id='word_1_217' title='bbox 372 3455 412 3516; x_wconf 79' lang='grc' dir='ltr'>ιο,</span> <span class='ocrx_word' id='word_1_218' title='bbox 432 3455 475 3504; x_wconf 77' lang='lat' dir='ltr'>sc.</span> 
     </span>
    </p>
   </div>
   <div class='ocr_carea' id='block_1_10' title="bbox 0 0 1334 3914">
    <p class='ocr_par' dir='ltr' id='par_1_10' title="bbox 0 0 1334 3914">
     <span class='ocr_line' id='line_1_37' title="bbox 0 0 1334 3914; baseline 0 0"><span class='ocrx_word' id='word_1_219' title='bbox 0 0 1334 3914; x_wconf 95' lang='lat' dir='ltr'> </span> 
     </span>
    </p>
   </div>
  </div>
 </body>
</html>
