2658 3914
505 231 623 286 CAPUT
642 231 737 286 LVIII.
1029 231 1094 295 203

136 372 309 458 habentur,
322 373 564 455 speculationem,
577 376 838 456 inprotttodinem
852 375 1095 440 contrarietatem

138 461 265 544 aliaque
281 460 424 525 eiusdem
437 462 563 546 generis
586 461 724 544 plurima
738 463 916 527 ostendero.
945 462 1007 526 Sed
1018 463 1095 526 sotis

137 549 316 626 estdtcism
339 569 390 630 coo
398 549 684 630 putobropoe'moto
700 550 847 636 pompm).
893 548 975 615 Cum
997 549 1094 614 semel

137 636 171 699 in
185 636 271 700 hanc
286 636 489 720 disciplinam
502 658 621 701 nomen
635 637 771 716 dederis,
791 659 979 722 quocunque
998 637 1094 702 modo

138 728 171 788 et
194 724 317 788 scribas
341 727 373 788 et
395 725 539 808 loquare,
562 725 648 790 dicas
672 725 795 790 licebit:

186 839 316 927 Ταύτης
328 868 379 911 τοι
398 847 513 928 γενεῆς
526 869 560 910 τε
573 844 628 910 καὶ
648 848 784 931 αἵματος
807 843 944 929 εὔχομαι
967 841 1094 932 εἶναι’).

137 965 214 1032 Fuit
241 967 322 1031 haec
352 967 389 1032 de
417 969 575 1052 principio
602 970 764 1034 laboriosa
791 969 949 1055 quaedam
980 971 1013 1032 et
1044 989 1095 1032 ex·

138 1055 258 1139 quisita
286 1054 465 1140 diligentia,
493 1077 579 1120 nunc
605 1057 640 1120 in
666 1057 830 1140 ignaviam
856 1057 961 1120 vertit.
1012 1054 1095 1130 Quid

138 1143 225 1207 enim
247 1143 352 1226 magis
374 1143 409 1206 in
431 1147 583 1226 promptu
607 1147 668 1225 est,
691 1166 801 1229 quam,
824 1165 897 1207 cum
920 1143 997 1228 quid
1020 1143 1094 1207 scri·

137 1230 213 1295 bere
235 1230 400 1315 ingressus
425 1231 482 1313 sis,
506 1231 544 1295 de
559 1231 695 1314 singulis
709 1231 830 1297 voculis
844 1230 1007 1295 Nizolium
1021 1253 1094 1296 con-

138 1318 264 1382 sulere?
310 1317 393 1393 Quid
414 1321 452 1382 tu
473 1319 595 1402 igitur?
617 1319 757 1404 inquies,
779 1341 817 1384 ex
841 1320 989 1384 omnibus
1013 1320 1094 1384 anti-

139 1406 211 1489 quis
249 1405 458 1488 scriptoribus
490 1407 580 1471 nullo
617 1407 799 1472 discrimine
838 1409 947 1489 verba,
980 1408 1095 1492 quibus

137 1496 245 1573 utare,
274 1492 463 1577 depromes?
507 1493 611 1558 Immo
638 1517 713 1560 vero
746 1496 903 1560 adhibebo
935 1489 1095 1576 iudicium,

137 1578 266 1644 habebo
298 1581 462 1664 dilectum,
492 1586 524 1645 et
555 1603 627 1645 cum
660 1603 698 1645 ex
724 1583 763 1646 iis
791 1582 1008 1665 potissimum,
1041 1582 1096 1666 qui

139 1667 343 1752 antiquitatis
359 1690 484 1753 quoque
497 1668 561 1751 ipsi
579 1669 739 1751 principes
753 1669 814 1732 visi
828 1671 911 1750 sunt,
934 1665 1095 1752 Cicerone,

139 1753 290 1837 Caesare,
318 1755 481 1839 Terentio,
509 1756 595 1839 aliis,
628 1778 724 1840 quam
750 1756 889 1839 plurima
916 1777 1095 1839 sumpsero:

52 1873 55 1883 ·
139 1864 214 1908 cum
223 1842 384 1907 orationis
398 1865 488 1908 meae
502 1863 604 1928 genus
628 1844 668 1908 ad
682 1865 792 1910 eorum
806 1843 976 1927 exemplar,
998 1865 1097 1928 quam

139 1929 278 1994 maxime
300 1934 450 2015 potuero,
477 1932 692 2015 conformato,
720 1953 759 1996 ex
782 1931 853 1994 aliis
881 1951 1008 2016 quoque
1030 1932 1095 1995 bel-

139 2017 299 2082 lissimum
322 2019 469 2102 quodque
493 2041 636 2102 carpam,
659 2023 777 2103 etque
801 2019 935 2103 quisque
958 2019 1095 2084 maxime

140 2106 325 2170 excelluisse
361 2107 533 2190 videbitur,
568 2107 602 2170 id
637 2107 756 2171 imitari
788 2110 884 2189 atque
920 2108 1096 2190 exprimere

140 2193 296 2257 conabor:
319 2214 423 2278 neque
445 2194 480 2258 in
493 2195 533 2258 iis
547 2194 652 2277 modo,
676 2215 755 2278 quos
778 2195 875 2277 paulo
896 2199 971 2258 ante
993 2195 1095 2260 nomi·

140 2281 228 2363 navi,
262 2279 318 2345 sed
349 2281 383 2343 in
415 2280 613 2346 Tertulliano
624 2279 664 2368 ³),
696 2281 856 2366 Arnobio,
891 2280 1097 2366 HieronymO,

139 2367 340 2452 Augustino,
362 2367 536 2434 Ambrosm
563 2372 609 2450 et,
632 2369 717 2453 quod
743 2369 848 2454 magis
870 2370 1007 2452 mireris,
1030 2370 1095 2453 Ap-

140 2455 262 2538 puleio,
286 2453 491 2538 Cassiodoro,
514 2456 675 2520 Martiano
694 2457 790 2522 etiam
806 2462 838 2522 et
853 2457 983 2523 Sidonio
997 2457 1095 2542 Apol-

213 2646 233 2712 1)
251 2646 317 2701 Hor.
337 2648 396 2701 Art.
416 2647 494 2702 Poet.
513 2664 538 2702 v.
558 2652 620 2703 416.

212 2715 234 2783 ¹)
252 2716 333 2772 Hom.
353 2717 386 2772 Il.
403 2717 450 2771 VI.
469 2723 529 2772 211.

211 2784 233 2854 ³)
252 2785 336 2855 Gasp.
357 2786 502 2855 Scioppius
519 2787 633 2843 Rhetor.
651 2787 953 2856 Exercit.pag.1t.et
971 2788 1006 2841 de
1025 2788 1096 2843 Stilo

139 2853 237 2909 histor.
256 2871 323 2936 pag.
342 2861 376 2910 64
394 2856 536 2910 existimat
558 2857 628 2912 haec
650 2857 792 2910 Macetum
810 2873 866 2911 non
884 2857 1019 2910 exanimi
1037 2875 1095 2912 sen·
1171 2883 1173 2890 v

139 2923 232 2979 tentia
249 2925 407 2995 compsisse,
426 2926 475 2979 sed
492 2926 573 2980 utin
590 2929 645 2980 hac
661 2926 846 2996 professione,
870 2925 893 2979 si
917 2925 985 2993 quid
1003 2927 1094 2981 minus

139 2994 354 3049 ciceronianum
368 2994 523 3062 excidisset,
537 2995 676 3050 latebram
689 2995 815 3049 haberet
846 2993 986 3049 Adversus
1001 2995 1095 3077 Sciop-

138 3064 218 3133 pium
237 3064 365 3132 disputat
381 3065 436 3118 Iac.
455 3064 619 3118 Thomasius
637 3065 758 3119 Praefat.
777 3080 842 3134 pag.
862 3063 934 3118 VIII.
977 3065 1048 3119 Mihi
1065 3084 1096 3120 sn

137 3133 192 3187 tali
210 3151 240 3188 re
264 3149 319 3188 non
343 3132 410 3202 quid
434 3132 550 3202 quisque
573 3133 685 3203 dixerit,
708 3133 874 3215 praesertim
896 3134 1017 3204 tempori
1040 3151 1095 3189 ser-

138 3205 232 3271 viens,
251 3203 300 3258 sed
319 3203 387 3270 quid
410 3206 486 3260 certo
505 3205 534 3256 et
551 3204 692 3258 constanti
709 3203 813 3258 rudicio
831 3204 942 3272 lecerit,
966 3207 1094 3275 spectan-

138 3273 208 3328 dum
225 3273 344 3327 videtur.
380 3273 468 3342 Atqui
486 3289 530 3326 res
547 3272 610 3341 ipsa
626 3273 758 3342 loqnstm,
777 3274 918 3329 Macetum
941 3291 998 3330 non
1016 3275 1093 3344 alios,

138 3343 194 3398 nisi
213 3342 374 3397 Ciceronem
396 3345 426 3396 et
446 3341 568 3411 reliquos
592 3343 714 3413 optImae
737 3345 838 3399 aetatis
861 3344 1011 3415 scriptores
1033 3346 1094 3400 imi·

137 3412 226 3466 tando
254 3411 433 3480 expressisse,
456 3413 589 3482 Appuleii
612 3416 717 3481 autem,
741 3414 911 3484 cassiodori,
935 3415 1041 3470 Sidonii
1066 3417 1095 3468 ct

138 3481 274 3535 similium
298 3480 396 3549 verba,
417 3486 553 3550 tanquam
576 3483 732 3552 scopulum,
756 3483 871 3555 fugisse.
912 3485 985 3540 Vera
1007 3485 1094 3553 igitur

137 3554 182 3606 est
201 3549 326 3619 Scioppii
345 3551 489 3605 sententia.
526 3552 558 3606 D.
577 3553 609 3607 a.
