2656 3910
231 178 295 241 104
550 178 729 234 EPISTOLA
745 178 853 234 LXXV.

229 321 411 386 animentur
435 322 585 406 fortasse,
616 321 645 386 si
671 322 734 386 alio
761 344 813 386 mo
840 323 1014 387 oonlulero.
1062 321 1184 388 Multas
1320 419 1321 422 Ἴ

229 410 282 474 hio
307 410 411 475 habeo
437 411 584 494 milities,
611 433 650 474 ex
677 411 793 494 quibus
824 414 953 474 tunium
983 410 1050 475 fere
1082 412 1183 495 sapio,

230 501 386 582 quantum
409 498 449 562 ad
472 499 621 562 alendum
633 498 790 562 familiam
812 499 856 562 sii
878 499 972 581 satis3
995 499 1183 564 absentibus

229 587 394 650 mullaex
415 607 525 650 eorum
546 587 703 650 fructibus
726 586 904 650 amittendo
925 590 1009 650 suni
1053 587 1082 651 E
1104 609 1183 670 pen·

230 674 387 757 sionibus,
414 677 452 739 ui
477 679 608 757 vocent,
635 675 857 738 ecelesiasticis
880 674 1102 758 septingentos
1124 698 1183 740 nu·

229 783 299 827 mos
327 783 441 827 eureos
469 783 593 827 annuos
621 762 776 846 percipio:
805 763 978 845 debitores,
1005 764 1061 846 qui
1087 785 1183 847 saepe
1320 811 1321 860 p

229 850 310 914 lenti
332 871 402 915 esse
425 849 538 933 solent,
560 871 627 914 non
647 853 717 913 ‘rom
739 851 832 914 focile
850 851 967 915 absens
990 871 1104 935 urgere
1126 874 1183 934 po·

229 942 299 1003 iero
327 961 423 1024 quom
454 959 605 1021 praesens
633 942 667 1001 et
691 959 811 1022 magno
838 938 1019 1022 principum
1042 940 1184 1022 supremi

230 1027 352 1092 ordinis
374 1027 483 1091 fovere
501 1026 665 1090 subnixus.
700 1024 761 1089 His
783 1029 835 1090 tot
855 1026 1067 1090 inoommodis
1083 1048 1183 1091 reme

230 1115 319 1179 dium
340 1115 465 1179 nullum
487 1114 620 1198 reperiri
641 1116 758 1196 potsse
808 1113 857 1178 Vt
881 1114 981 1198 igitur
1002 1133 1064 1198 ego
1085 1116 1183 1199 longe

229 1203 403 1286 plurimum
429 1202 543 1266 debere
571 1222 622 1266 me
648 1202 752 1266 fateor
773 1202 827 1284 iis,
854 1203 910 1286 qui
936 1223 987 1266 me
1009 1205 1102 1266 tanto
1124 1203 1182 1268 ho·

229 1311 307 1355 nore
330 1290 463 1374 dignum
486 1293 692 1354 censuerunt:
718 1291 766 1354 ila
793 1311 847 1354 eos
874 1291 1009 1375 supplex
1031 1291 1184 1374 obtestor,

229 1399 270 1441 ne
292 1378 404 1461 iniquo
427 1377 536 1442 animo
558 1378 677 1460 ferent,
699 1398 779 1441 neve
806 1398 859 1442 me
884 1381 1055 1462 propterea
1076 1379 1183 1443 minus

229 1469 348 1547 ameni,
370 1465 455 1549 quod
468 1464 530 1529 hoo
551 1468 696 1548 tempore
709 1487 776 1530 non
798 1487 893 1548 posse
906 1487 958 1530 me
981 1467 1088 1531 studio
1106 1487 1185 1550 erge

229 1575 281 1618 me
304 1575 362 1618 suo
386 1554 519 1638 obsequi
541 1553 660 1618 sideni
696 1553 786 1618 Vale.
809 1554 940 1619 Romae.
962 1554 1009 1618 lo
1031 1554 1183 1619 Decemb.

229 1660 419 1708 mnnxxxrv.

627 1801 786 1810 ---·

642 1937 770 2005 LXXV.

449 2064 678 2138 ANDREAE
706 2065 961 2140 BATHOREO

266 2200 291 2255 S.
310 2199 343 2255 R.
362 2199 395 2257 E.
414 2199 614 2256 cleonem
631 2199 678 2255 Ac
702 2199 862 2255 PRlNOlPI
879 2199 1155 2258 ILLUSTRISSIMO

485 2306 522 2360 M.
542 2304 730 2361 ANTONIUS
748 2305 922 2360 noenius

676 2411 697 2456 S.
711 2413 738 2455 1).

295 2517 356 2582 Die
382 2519 453 2603 ipso
482 2519 584 2584 netuli
607 2518 771 2584 Dominiei
794 2520 909 2604 aoeepi
924 2521 1183 2622 exoptatissimus
1320 2555 1321 2558 ¹

229 2606 309 2672 mihi
331 2607 456 2672 litteras
482 2610 569 2686 urus,
600 2607 715 2692 quibus
742 2607 829 2671 haud
856 2608 922 2673 seio
945 2630 988 2672 sn
1011 2609 1182 2694 quiequam

231 2695 309 2760 mihi
335 2695 459 2781 gratius
491 2717 528 2760 ee
554 2657 724 2761 iucundius
752 2694 870 2760 adferri
897 2697 1047 2780 potuerit.
1095 2696 1181 2761 Num

230 2805 303 2848 eum
325 2783 390 2848 iem
412 2784 537 2867 pridem
560 2784 733 2862 audissem,
760 2783 806 2846 io
831 2787 864 2848 te
891 2805 949 2867 pro
977 2788 1034 2849 uls
1057 2807 1184 2850 summe

229 2872 429 2937 humanitate
453 2895 491 2938 eo
511 2872 662 2937 comitate
684 2873 748 2937 mei
761 2893 936 2936 memorem
958 2873 1066 2955 fuisse,
1089 2876 1126 2938 ut
1144 2895 1183 2938 ex

229 2961 300 3044 ipso
322 2961 438 3026 itinere
462 2961 502 3026 od
524 2982 576 3025 me
599 2961 735 3026 seribere
758 2961 910 3046 diguatus
933 2982 1033 3042 esses,
1056 2923 1184 3026 litterae

230 3052 337 3114 aulem
359 3053 435 3114 tuoe
449 3071 608 3133 nusquam
631 3052 864 3134 comparerent:
888 3050 1079 3115 oonfioiebar
1100 3050 1182 3115 miro

231 3137 370 3239 quodem
392 3157 513 3221 angore
537 3137 649 3216 enimi,
675 3158 779 3221 neque
808 3138 990 3202 levationeu
1012 3139 1112 3202 ullam
1134 3159 1183 3201 re-

119 3247 122 3256 ·
230 3225 331 3306 perire
353 3227 500 3308 poteram
513 3227 640 3307 praeter
663 3246 734 3288 eam
756 3246 982 3326 enumquam
995 3226 1076 3290 mihi
1098 3225 1182 3288 liite·

231 3334 284 3376 ree
306 3314 475 3376 tueeeltu
475 3312 590 3376 le.runl
635 3311 776 3396 Egoie
730 3311 960 3378 iOerdinel
937 3315 978 3377 ils
1002 3315 1122 3398 optime
1145 3333 1183 3376 eo

231 3399 521 3484 preeslanlissime,
548 3421 674 3484 semper
701 3401 864 3465 observari
891 3423 928 3465 eo
951 3402 1048 3484 colui,
1070 3403 1184 3483 euplus

232 3509 299 3552 non
329 3491 396 3552 tam
430 3488 640 3553 nobilitete'
631 3511 703 3573 1pse
733 3489 813 3574 regii
845 3490 971 3573 generis
1006 3489 1054 3553 tui
1086 3509 1184 3573 quem
