2656 3910
245 221 288 288 36
569 223 750 280 EPISTOLA
767 224 866 280 xxm

308 362 490 444 Ἀσιάτιθος
510 367 582 450 γῆς,
603 368 698 432 θεῶν
719 367 952 451 πεπονημένον
975 363 1057 451 χερὶ,

303 449 362 532 Ὡς
384 449 486 544 ᾤχετο
508 458 654 542 πολεμίῳ
677 451 916 539 κατασκαφθὲν
939 454 1027 538 δορὶ,

308 545 430 608 Keleai
448 564 484 606 τε
506 543 661 627 φροῦδον
685 537 760 608 οἷον
782 542 816 621 ἐξ
838 545 916 609 οἴου
937 542 1061 627 pacem

242 681 378 768 Vereor,
409 705 451 748 ne
483 683 633 768 proiiciee
662 683 846 767 epistolam,
872 685 899 748 si
930 705 1109 768 perrexero.
1155 683 1206 747 Et

241 774 362 856 tamen,
383 770 569 837 blandiente
593 792 776 858 progressu,
798 776 985 856 persecutus
1000 794 1071 838 aum
1094 773 1204 836 totam

242 859 332 924 illam
353 857 507 925 Hecubae
530 857 639 944 ῥῆσιν.
682 859 723 924 In
748 859 829 924 illud
855 853 1121 943 αὐτοσχεδίασμα
1144 859 1203 924 ab·

243 951 333 1014 sente
362 969 413 1014 me
440 947 599 1013 incideret
620 947 739 1031 Titius,
766 950 800 1011 et
824 951 944 1031 putans
972 969 1005 1011 se
1033 947 1202 1031 reperisse,

241 1037 323 1120 qood
337 1037 430 1118 pure·
452 1037 487 1102 in
507 1032 627 1119 fcbc¹),
650 1035 834 1100 avidissime
856 1036 963 1120 legere
984 1056 1124 1120 exorsus,
1147 1057 1202 1100 su-

242 1125 448 1208 perveniente
471 1145 539 1202 me,
563 1123 694 1188 destitit.
731 1122 796 1188 Vix
819 1146 838 1188 a
860 1145 912 1189 me
935 1123 1098 1209 digressus
1121 1126 1202 1200 erat,

243 1232 324 1290 cum,
348 1213 384 1276 ut
398 1212 433 1276 in
448 1232 669 1296 quemcunque
685 1212 861 1276 amicorum
879 1211 1043 1294 inciderat,
1067 1211 1202 1296 spargit,

242 1297 413 1363 mirificum
435 1300 565 1382 poetam
589 1320 658 1364 esse
681 1321 746 1363 me:
774 1299 876 1363 visam
901 1321 920 1364 a
943 1321 976 1364 se
999 1298 1201 1384 tragoediam

243 1384 398 1452 Graecam
425 1408 543 1470 meam,
572 1381 750 1470 δαιμόνιόν
773 1410 803 1450 τι
826 1387 947 1472 χρῆμα·
978 1387 1034 1451 sed
1056 1408 1108 1450 me
1132 1407 1202 1450 non

242 1477 362 1540 temere
386 1475 562 1558 quemlibet
584 1473 624 1538 ed
647 1496 720 1539 mea
741 1474 878 1559 legenda
900 1475 1082 1552 admittere,
1105 1474 1200 1551 Ioves,

242 1566 279 1628 ut
303 1562 349 1626 eit
371 1559 526 1628 Horatius
534 1560 574 1646 ²),
596 1562 724 1628 caribus
746 1563 802 1626 illa
823 1583 951 1628 secare.
987 1561 1102 1626 Paucis
1124 1564 1201 1646 post

243 1649 368 1752 diebus,
397 1654 433 1715 ut
461 1651 594 1735 quisque
627 1651 804 1716 amicorum
835 1650 915 1714 mihi
948 1650 1061 1716 obvius
1092 1649 1199 1714 factus

243 1743 321 1817 erat,
344 1742 390 1804 rte
414 1759 526 1803 omnes
550 1759 651 1822 orare,
674 1738 850 1821 obsecrare,
874 1738 1044 1821 obtestari,
1065 1737 1113 1800 uti
1137 1735 1201 1800 sibi
1309 1748 1310 1805 t

243 1827 357 1892 sultcm
381 1825 598 1911 inspiciendae
625 1826 808 1908 praeclarae
831 1825 917 1889 illius
944 1825 1128 1909 tragoediae
1150 1823 1199 1886 fa·
1309 1855 1310 1858 ¹

244 1935 347 1978 cerem
371 1915 506 1998 copiam.
534 1911 614 1978 Oum
639 1934 714 1998 ego,
738 1914 792 1998 qui
815 1914 868 1977 vix
890 1913 955 1976 iam
978 1913 1106 1977 illorum
1129 1932 1200 1977 ver·
1309 1939 1310 1998 ἦ

244 2023 337 2066 suum
369 2001 591 2085 memineram,
622 2022 775 2086 negarem
807 2001 906 2064 ullam
933 2022 1077 2086 unquam
1105 2020 1199 2066 eme
1309 2009 1310 2085 ζ

244 2089 396 2174 scriptam
410 2110 479 2154 esse
500 2089 701 2174 tragoediam
716 2086 872 2153 Graecam
886 2088 981 2171 idque
1005 2087 1103 2152 etiam
1115 2087 1200 2150 iure-

243 2177 378 2244 iurando
403 2175 641 2259 confirmarem
664 2198 768 2260 neque
791 2180 900 2240 tamen
915 2176 1046 2240 authcc
1068 2195 1199 2258 persua·
1309 2232 1310 2258 ,

243 2265 317 2332 dere
339 2286 468 2349 possem
481 2267 539 2330 aut
553 2265 594 2329 ab
608 2265 654 2328 eis
669 2284 873 2348 cognoscere,
894 2264 965 2348 quis
979 2264 1048 2327 eius
1070 2261 1199 2326 fabulae
1309 2262 1310 2346 Τ

244 2357 356 2419 auctor
377 2352 506 2418 fuisset:
531 2351 654 2416 exstitit
667 2351 799 2416 tandem
812 2373 906 2435 unus,
929 2351 985 2435 qui
997 2349 1119 2414 Titium
1141 2371 1198 2413 no·
1309 2379 1310 2390 κ

244 2440 391 2506 minaret
417 2438 540 2504 Audito
562 2438 703 2504 hominis
725 2438 866 2517 nomine,
889 2439 1000 2503 statim
1019 2437 1200 2522 suspicatus
1309 2487 1310 2506 ,

244 2550 315 2594 sum
347 2525 394 2612 id,
426 2525 512 2611 quod
542 2547 594 2591 res
626 2529 703 2591 erat.
752 2525 866 2610 Itaque
898 2547 971 2590 eum
1008 2523 1200 2609 quibusdam
1309 2553 1310 2596 1

244 2637 365 2694 eorum,
387 2613 428 2680 iis
450 2613 630 2700 praecipue,
644 2636 725 2700 quos
738 2613 887 2679 videbam
908 2614 1068 2697 iniquiore
1089 2613 1200 2676 animo
1309 2621 1310 2628 ³

244 2703 338 2782 ferre,
361 2702 447 2789 quod
469 2723 585 2789 parum
600 2703 701 2767 amice
724 2721 819 2787 agere
841 2723 893 2765 me
907 2722 1015 2765 seeum
1037 2703 1200 2783 putarent,

244 2813 300 2858 eos
328 2811 439 2857 versus
466 2790 693 2868 ostendissem,
719 2789 795 2872 feci,
820 2793 859 2852 ut
889 2787 1056 2874 tragoedia
1083 2788 1118 2850 in
1141 2787 1201 2850 mi-
1309 2787 1310 2792 ’

243 2901 333 2946 mum
359 2881 546 2944 verteretur.
592 2877 695 2943 Video
722 2877 782 2942 tibi
810 2897 936 2961 quoque
962 2874 1041 2940 illud
1070 2874 1202 2938 menda-

244 2968 363 3036 ciolum
386 2988 563 3054 aspersum.
590 2964 640 3030 ib
662 2987 749 3047 vero,
769 2964 815 3028 mi
838 2962 988 3046 Gerarde,
1010 2983 1087 3028 cave
1110 2962 1202 3046 quid-

245 3078 341 3142 quam
364 3075 509 3122 meomm
525 3075 595 3118 esse
617 3053 792 3136 arbitreris,
813 3052 899 3136 quod
922 3072 983 3136 ego
1004 3071 1072 3115 non
1093 3054 1204 3114 tecum

244 3143 457 3210 libentissime
480 3141 723 3206 communicem.
757 3139 850 3216 Quod
873 3141 902 3204 si
923 3140 1007 3203 tanti
1030 3159 1144 3220 essem,
1166 3143 1206 3201 ut

246 3230 421 3316 quidquam
443 3229 509 3294 tale
532 3228 738 3312 scripsissem,
760 3247 827 3292 non
840 3232 874 3290 te
895 3226 990 3291 modo
1013 3226 1205 3308 auditorem,

246 3319 454 3400 monitorem,
481 3335 646 3382 censorem
669 3315 885 3400 admitterem,
912 3313 968 3380 sed
991 3315 1072 3378 alios
1095 3313 1205 3398 operis

321 3544 341 3614 Ι)
359 3543 450 3602 enus
464 3541 528 3598 aa
542 3541 576 3612 v,
597 3547 620 3598 ι,
640 3547 682 3598 11.
755 3540 918 3612 anper.
938 3547 981 3608 ro,
999 3546 1043 3596 e.
1087 3613 1094 3624 ι
