2658 3914
509 202 705 258 11111111.
841 163 847 173 ¹
1022 203 1084 266 139

131 347 208 412 burn
230 349 351 412 malum
373 348 511 432 perpeti:
536 346 698 432 sapienter
721 347 947 412 animadvertit
960 347 1085 412 Aristo-

131 432 246 519 teres),
260 436 374 500 falsam
390 456 459 499 esse
473 436 562 499 illam
574 433 743 500 hominum
757 435 950 518 opinionem,
969 451 1086 518 eosque

132 523 187 607 qui
204 524 251 586 ita
269 525 420 606 facerent,
438 545 505 588 non
523 524 618 588 modo
632 523 741 607 forteS,
760 523 815 587 sed
828 523 964 606 ignavos
982 523 1086 604 parvi-

132 632 193 696 que
213 612 246 674 et
263 611 378 675 abiecti
398 611 498 674 animi
515 611 681 676 habendos
699 611 929 694 pronuntiavit.
961 608 1087 674 Docent
1122 627 1124 632 ·

131 699 218 762 enim
246 720 279 763 se
302 699 349 782 id,
373 699 457 784 quod
480 700 622 783 fugiunt,
650 699 732 762 ferre
759 720 826 763 non
849 719 956 782 posse,
983 718 1086 780 neque

130 807 226 869 pares
249 807 317 850 esse
340 787 369 850 ei
393 787 481 851 casui
504 786 700 870 sustinendo,
722 790 854 869 propter
872 807 967 870 quem
986 785 1086 849 vitam

131 873 325 956 relinquunt
379 873 417 938 Id
455 879 563 939 autem
599 875 815 938 effeminatam
847 874 955 956 potius
987 872 1087 935 animi

132 962 314 1046 mollitiem,
342 982 437 1046 quam
464 962 719 1046 magnitudinem
743 961 857 1045 arguit.
901 959 1088 1042 Disputavit

133 1048 244 1112 eadem
257 1049 295 1111 de
305 1069 340 1113 re
353 1049 534 1113 doctissime
547 1071 584 1114 ac
596 1048 930 1132 sapientissimedivus
938 1046 1087 1111 Aurelius

132 1135 336 1220 Augustinus
353 1136 407 1200 lib.
422 1133 475 1221 1.²)
497 1136 546 1201 Dc
565 1135 703 1201 Civitate
717 1136 787 1219 Dei,
801 1135 973 1219 multisque
991 1135 1087 1198 ratio·

131 1224 227 1288 nibus
246 1225 395 1307 ostendit,
417 1223 606 1308 Lucretiam,
630 1223 785 1288 Catonem
806 1227 991 1308 ceterosque
1006 1223 1087 1286 eius-

132 1312 219 1377 modi
233 1312 375 1376 frustra
365 1334 400 1375 1n
409 1312 553 1376 historiis
564 1275 668 1378 110111
670 1312 780 1376 tudine
789 1312 921 1376 laudari.
944 1310 1087 1394 Longius

133 1400 229 1464 etiarn
257 1420 447 1485 progressus
475 1401 718 1483 demonstravit,
745 1401 867 1464 nullam
897 1420 965 1464 esse
992 1419 1087 1482 possa
1123 1465 1127 1472 ,

132 1487 218 1553 bono
246 1509 283 1552 ac
302 1488 448 1594 sapienti
475 1489 545 1552 viro
573 1452 826 1571 ἐξανωγὴν,ιι1
811 1485 953 1552 tStoici
979 1487 1087 1569 loque·

133 1575 260 1658 bantur,
283 1569 438 1675 εὔλογον.Ι
469 1573 531 1638 seu
550 1579 582 1639 et
595 1575 765 1658 Euripides
783 1575 815 1638 id
835 1577 909 1638 ante
929 1574 1088 1654 docuerat

134 1683 188 1746 qur
180 1625 372 1725 'Herculem
390 1662 494 1745 primo
512 1662 589 1725 facit
602 1661 860 1726 succumbentem
873 1623 1088 1744 magnitudini

134 1750 201 1813 eius
224 1748 353 1831 doloris,
374 1770 469 1833 quem
492 1747 700 1812 hauriebatc
719 1749 814 1812 caede
832 1748 940 1812 uxoris
958 1749 991 1811 et
1010 1747 1087 1810 libe-

133 1859 218 1918 rum,
246 1857 342 1921 quam
368 1835 505 1918 ipsemet
533 1836 640 1902 furore
668 1836 820 1900 divinitus
845 1836 990 1899 immisso
1020 1856 1087 1899 cor-

133 1929 243 2007 reptus
265 1927 513 2007 perpetraverat,
536 1928 569 1987 et
587 1924 628 1988 ob
647 1924 681 1987 id
700 1945 717 1986 e
735 1925 802 1987 vita
815 1923 974 1987 discedere
989 1923 1087 1987 medi·

133 2015 273 2076 tantem:
297 2011 410 2075 deinde
433 2011 619 2075 redeuntem
642 2011 683 2076 ad
706 2034 739 2075 se
763 2015 795 2075 11
817 2015 994 2075 mutantem
1014 2032 1086 2075 con-

134 2100 253 2180 silium,
275 2102 450 2182 verentem,
472 2119 513 2162 ne
536 2099 569 2162 id
592 2099 653 2162 sibi
675 2099 824 2183 ignaviae
847 2099 1088 2180 adscriberetur,

135 2189 161 2252 si
193 2149 297 2251 lucbm
329 2149 535 2270 relinqderet,
568 2191 725 2271 tunquam
757 2187 993 2271 aegritudini
983 2208 1088 2268 impar

134 2276 292 2340 ferendae.
328 2275 569 2339 Aristoteles't
543 2278 589 2338 111
611 2274 672 2338 hac
695 2274 733 2339 de
755 2295 790 2338 re
814 2274 933 2381 scribit,
955 2273 1010 2338 lib
1028 2271 1086 2337 III.

135 2366 381 2470 Νικομαχείων·
408 2358 452 2426 Τὸ
478 2356 509 2426 d'
526 2355 768 2470 ἀποθνήσκειν
778 2357 947 2469 φεύγοντα
969 2365 1088 2426 πενίαν

134 2443 155 2534 ἢ
179 2444 328 2535 doura*
305 2475 327 2534 η
349 2474 381 2514 τι
404 2446 554 2557 λυπηρόν
576 2444 638 2514 οὐκ
661 2445 831 2558 ἀνδρείου,
854 2443 937 2514 ἀλλὰ
960 2449 1088 2532 μᾶλλον

135 2539 258 2603 δειλοῦ.
301 2541 459 2602 Μαλακία
482 2533 605 2622 γὰρτὸ
616 2533 767 2644 φεύγειν
788 2534 829 2603 τὰ
853 2537 1005 2603 ἐπίπονα·
1032 2534 1087 2601 καὶ

136 2620 197 2709 οὐχ
218 2621 268 2690 ὅτι
286 2619 430 2691 καλὸν“
413 2624 582 2708 νπομένει,
606 2619 689 2689 ἀλλὰ
703 2622 838 2709 φεύγων
852 2623 966 2692 κακόν.
994 2625 1086 2691 Euri·

134 2714 218 2797 pidis
242 2717 482 2779 1111111111111
505 2713 539 2777 hi
562 2711 685 2799 sunt³):

221 2865 427 2977 Ἐσκεφάμην
451 2867 488 2935 dt
510 2873 639 2975 καίπερ
649 2869 686 2934 ἐν
708 2880 860 2934 κακοῖσιν
882 2865 942 2950 dv,

223 2953 283 3041 Μὴ
308 2958 435 3021 δειλίαν
459 2953 574 3062 ὄφλω
575 2950 639 3020 τιν’
666 2951 808 3020 ἐκλιπὼν
828 2951 928 3065 φάος·

228 3047 306 3119 Ταις
328 3054 516 3150 σνμφοοαις
537 3038 601 3149 ydp
625 3037 714 3118 οστις
737 3037 798 3125 οὐχ
820 3037 1008 3125 ὑφίσταται,

225 3126 307 3196 Orid’
333 3122 499 3215 ἆνὸρὸς’“
479 3154 522 3195 αν
545 3123 682 3195 dvvavd'
707 3124 890 3215 ὑποστῆναι
912 3129 1019 3214 βέλος.

208 3375 229 3446 ¹)
246 3375 337 3430 Ethic.
356 3374 465 3430 Nicom.
484 3374 532 3430 ΠΙ.
552 3381 593 3433 11.

207 3444 229 3583 1
246 3451 398 3571 11111111,
418 3521 495 3570 ress.
517 3531 552 3571 11.
