2658 3914
507 177 625 234 CAPUT
643 177 765 232 XLVIII.
1047 175 1111 238 183

155 319 369 404 Hippocrates
399 324 523 386 narrat:
555 343 627 385 cum
659 322 744 405 apud
775 344 829 387 eos
856 320 1024 404 pulchrum
1055 318 1110 382 ha

156 409 284 473 beretur
306 409 448 493 oblongo
471 409 574 491 capite
604 430 686 491 esse,
715 410 756 473 ob
783 410 879 495 idque
901 409 1041 472 nutrices
1063 428 1110 470 re·

156 517 232 560 cens
267 496 424 561 editorum
459 496 632 560 infantium
670 497 790 562 tenella
825 497 932 580 capita
962 494 1111 558 manibus

156 585 384 648 contrectando
417 605 454 648 ac
490 585 728 667 comprimendo
765 587 933 670 globosam
965 586 998 647 et
1028 582 1111 646 orbi-

156 672 296 735 cularem
323 672 459 756 figuram
487 676 727 756 corrumperent
752 694 852 757 eaque
874 667 1111 755 fastigiarent¹)

157 780 194 823 ae
216 759 324 824 fasciis
347 760 445 824 etiam
468 759 621 824 adstricta
643 761 678 825 in
701 782 835 826 acumen
857 780 997 825 crescere
1020 779 1112 842 coge·

156 849 243 930 rent,
257 848 412 930 paulatim
427 849 568 913 studium
582 849 617 912 in
630 851 780 912 naturam
794 849 936 932 vertisse,
950 850 987 911 ut
1001 867 1112 911 omnes

158 955 195 996 ea
218 933 252 997 in
268 938 363 1018 gente
378 935 527 1020 oblongis
541 936 700 1019 capitibus
714 939 930 1016 nascerentur,
953 955 992 997 ex
1012 955 1112 1017 eoque

156 1019 418 1105 Macrocephalos
440 1023 557 1088 vocari.
593 1023 683 1088 Idem
698 1027 731 1087 et
753 1024 858 1109 hodie,
880 1023 963 1088 serio
978 1043 1020 1086 an
1034 1021 1113 1103 ioco,

158 1108 196 1171 de
219 1112 315 1194 gente
338 1108 477 1174 ouadam
499 1109 534 1174 in
556 1109 652 1174 Italia
674 1111 799 1176 dicitur.

479 1353 622 1422 CAPUT
644 1353 792 1421 XLVIII.

241 1473 289 1528 DE
310 1474 533 1546 QUIBUSDAM,
553 1475 615 1544 QUI
633 1475 762 1532 PILOSO
782 1475 879 1532 SUNT
899 1475 1028 1530 CORDE.

237 1580 452 1646 Aristomenis
483 1583 649 1666 Messenii,
680 1585 734 1667 qui
765 1588 926 1647 trecentos
957 1581 1114 1647 Lacedae·

158 1668 285 1732 monios
302 1667 486 1754 'occiderat
514 1671 630 1753 quique
659 1674 692 1734 et
717 1670 906 1734 fortitudine
935 1673 967 1733 et
994 1669 1114 1734 callidi·

158 1759 226 1820 tate
249 1756 466 1839 praestiterat,
489 1757 608 1821 mortui
630 1779 685 1822 cor
707 1757 828 1820 hirtum
846 1760 879 1821 et
901 1756 1001 1820 densa
1024 1757 1115 1840 quasi

159 1844 240 1908 silva
261 1844 401 1927 pilorum
415 1844 556 1909 obsitum
569 1848 731 1927 repe1tum
746 1865 814 1908 esse
836 1844 936 1908 tradit
949 1841 1114 1928 Plinius‘l).

158 1930 247 1994 Idem
271 1931 310 1995 de
332 1931 497 2015 Lysandro
520 1931 787 2014 Lacedaemonio,
814 1933 869 2016 qui
896 1935 929 1996 et
954 1933 1023 2016 ipse
1045 1937 1116 1995 tum

159 2019 367 2097 fortissimus,
393 2023 463 2083 tum
490 2020 706 2085 astutissimus
734 2021 809 2103 fuit,
840 2018 953 2084 Graeci
985 2019 1115 2105 quidam

159 2107 330 2170 memoriae
356 2107 574 2191 prodiderunt.
623 2107 697 2191 lpse
720 2128 847 2192 quoque
874 2108 1019 2189 memini,
1042 2129 1115 2171 cum

158 2193 305 2259 Venetiis
335 2215 451 2279 essem,
484 2198 647 2279 sumptum
679 2217 748 2260 esse
778 2195 891 2280 capitis
924 2195 1115 2277 supplicium

159 2282 198 2346 de
221 2283 324 2348 nobili
347 2284 486 2367 quodam
509 2284 647 2367 latrone,
670 2284 817 2368 quicum
840 2305 859 2346 a
882 2283 1029 2347 carnifice
1053 2282 1114 2346 dis-

160 2374 333 2452 secaretur,
356 2371 449 2436 corde
473 2371 644 2436 admodum
667 2372 771 2455 piloso
789 2373 935 2454 repertus
958 2373 1016 2434 est.
1051 2369 1115 2434 Ro·

159 2456 248 2520 bon's
276 2458 420 2542 quidam,
451 2460 589 2524 astutiae
621 2463 655 2524 et
686 2459 870 2524 calliditatis
898 2458 952 2522 alii
982 2478 1050 2522 esse
1082 2457 1116 2522 id

161 2548 385 2627 argumentum
411 2548 533 2610 volunt.
577 2545 629 2611 Ab
655 2548 782 2632 ingenti
804 2551 889 2613 certe
916 2547 1020 2611 calore
1042 2567 1115 2630 pro·

159 2630 323 2715 ficiscItur,
356 2655 419 2717 quo
447 2634 503 2718 qui
530 2634 707 2718 abundant,
734 2635 757 2698 ii
785 2639 818 2699 et
844 2635 969 2699 robusti
991 2655 1060 2698 esse
1083 2636 1116 2696 et

160 2719 266 2783 callidi
280 2720 394 2784 solent.
431 2721 544 2805 Itaque
559 2722 699 2787 eruditus
715 2727 747 2787 et
765 2723 996 2808 grandiloquus
1010 2725 1115 2805 potta,

159 2805 307 2887 Nonnus,
324 2809 406 2873 libro
433 2807 585 2894 xxvv).
612 2809 832 2893 Dionysiaeon
864 2808 985 2874 Sabiris
1014 2830 1114 2891 popu·

158 2893 199 2956 lis
221 2895 267 2957 aa
290 2917 359 2960 esse
382 2917 436 2960 cor
459 2897 566 2960 densis
583 2897 735 2960 vestitum
757 2896 844 2978 pilis,
866 2896 1001 2979 ideoque
1019 2895 1115 2958 auda-

160 2979 305 3046 cissimos
328 3002 410 3067 esse,
436 3003 541 3066 neque
573 3004 715 3066 unquam
742 2982 777 3046 in
808 2982 938 3065 proeliis
965 2985 1115 3045 metuere.

208 3089 284 3162 Τοῖς
298 3087 350 3150 ἔπι
364 3090 548 3152 Λυσσαίων
560 3084 697 3152 πυκιναὶ
712 3089 832 3169 στίχες,
853 3077 920 3150 οἷσι
934 3082 988 3149 καὶ
1003 3079 1117 3150 αὐτῶν

206 3169 331 3259 Φρικτὰ
351 3172 586 3259 δασυστέρνων
605 3170 800 3260 ἐκορύσσετο
820 3173 910 3260 φῦλα
929 3175 1116 3258 nauscam.

233 3347 252 3416 ¹)
271 3347 385 3403 Rectius
402 3349 472 3416 susti
489 3351 575 3403 arent.
612 3347 645 3404 D.
664 3348 697 3405 a.

230 3364 631 3484 offlmfflmm

230 3485 252 3556 8)
265 3505 291 3542 v.
310 3494 352 3543 32.
372 3507 405 3544 ss
