2656 3910
485 145 668 216 'arrsrom
685 160 770 216 xxv.
1065 160 1107 224 39

148 303 292 390 ρέοτατοι
318 307 422 370 totam
450 305 608 370 rationem
634 303 758 368 itineris
781 303 843 388 tui,
873 307 905 368 et
927 325 1008 388 quae
1035 304 1107 368 istic

150 394 234 477 uita,
262 392 317 477 qui
339 413 458 476 mores,
488 413 665 476 quaecum
693 395 871 456 ceterarum
898 392 1015 455 artium
1038 395 1108 456 tum

151 481 231 546 iuris
255 480 391 546 docendi
413 481 509 563 ratio,
536 480 582 544 ita
606 480 722 545 diserte
746 502 783 545 ac
809 480 988 544 luculenter
1011 480 1108 563 expli·

151 569 280 652 cabant,
257 571 340 632 ιιιι
362 567 466 633 Ulixis
489 567 654 633 Homerici
676 571 787 632 narrat
773 568 896 633 tionem
909 565 1047 632 Alcinoo
1072 589 1109 632 ac

153 656 353 722 Phaeacibus
389 656 496 721 minus
532 656 631 721 fuisse
667 657 840 722 iucundam
876 659 996 739 putem.
1043 654 1109 720 Ad-

153 745 327 809 miscueras
355 745 453 810 etiam
475 745 522 809 eis
549 744 723 845 plurimum
750 744 853 809 nativi
881 744 967 808 illius
991 745 1110 828 leporis

153 836 188 896 et
215 825 406 915 αὐτοφυοῦς
432 833 639 916 urbanitate,
671 854 734 916 qua
764 853 914 913 praesens
947 853 1110 896 sermones

153 930 228 986 tuos
251 920 496 1000 condiebas‚t
458 923 496 984 ut
519 942 572 985 eas
597 921 708 1005 legens
730 923 859 984 tautum
880 941 948 984 non
967 923 1110 1002 spectare

153 1013 187 1072 te
211 1029 249 1072 ao
275 1011 382 1072 tecum
410 1008 612 1072 confabulari
639 1007 771 1072 viderer.
816 1007 962 1072 Accessit
988 1007 1028 1070 ad
1057 1028 1110 1071 vo-

155 1097 315 1178 luptatem
337 1117 453 1177 meam,
479 1094 563 1178 quod
587 1098 721 1178 patruus
742 1098 818 1160 tuus
842 1094 882 1160 V.
905 1091 953 1179 (l,
981 1095 1036 1178 qui
1058 1116 1111 1159 eas

155 1183 358 1266 mitiusque
385 1183 421 1247 in
444 1181 652 1267 Quirinalem,
675 1177 735 1268 (ibi
758 1183 845 1248 enim
868 1204 954 1247 nunc
978 1181 1110 1269 sumus)

155 1273 293 1356 ipsemet
320 1271 443 1355 attulit,
471 1271 613 1338 ostendit
640 1271 720 1336 mihi
748 1271 845 1336 etiam
873 1293 941 1356 eas,
969 1293 1048 1355 quas
1072 1272 1111 1336 ad

155 1361 294 1424 alterum
321 1363 471 1443 patruum
501 1361 687 1443 scripseras:
720 1360 835 1443 quibus
863 1360 974 1424 eadem
1003 1381 1112 1444 prope,

157 1469 239 1532 quae
267 1447 302 1510 in
329 1447 422 1531 meis,
450 1449 506 1513 sed
533 1447 649 1512 Latine
676 1469 826 1532 expressa
855 1448 1112 1512 continebantur.

157 1535 242 1600 Tum
264 1535 391 1599 demum
415 1537 543 1619 agnovi,
566 1536 641 1621 quid
664 1539 697 1599 te
720 1535 917 1617 adduxisset,
939 1540 977 1599 ut
998 1535 1040 1599 ad
1062 1557 1112 1599 me

157 1623 308 1773 P⁰P¹ll,a¹i
335 1643 480 1686 sermone
512 1623 675 1688 scriberes.
720 1621 833 1704 Neque
860 1622 946 1685 enim
974 1622 1113 1686 illude

158 1710 272 1792 movit,
299 1710 334 1774 in
361 1731 423 1794 quo
451 1709 577 1793 iocaris,
605 1708 809 1773 Phormionis
833 1710 1026 1816 exemplum,
1058 1710 1113 1773 sed

158 1797 191 1861 id
214 1760 322 1902 potius
343 1797 462 1882 fecisti,
488 1761 767 1904 φιλοτιμούμενος
778 1791 870 1903 παρ’
896 1791 976 1880 ἡμῖν
999 1794 1051 1860 ἐπι
1074 1799 1113 1882 τῇ

160 1877 242 1947 ἐν’
225 1883 424 1966 αμφοτέροις
449 1895 519 1960 τοῖς
546 1881 724 1968 recepero
752 1878 891 1970 εὐεπείᾳ.
924 1882 1016 1959 Quod
1039 1887 1113 1949 arti·

160 1969 306 2034 ficiumt
292 1973 383 2033 tuum
406 1992 478 2034 cum
502 1973 566 2035 iam
581 1973 740 2035 detectum
763 1994 832 2036 esse
855 1949 976 2057 iideas,
1000 1993 1113 2037 censeo

160 2061 236 2141 post
222 2056 298 2120 thac
321 2057 362 2121 ad
384 2078 434 2122 me
458 2079 583 2142 quoque
588 2057 769 2209 ,Latina
744 2081 771 2122 s1
794 2059 915 2123 videbit
901 2063 962 2143 tur,
985 2060 1113 2125 scribas

161 2143 255 2220 Quod
277 2148 387 2210 tamen
410 2166 447 2210 ea
461 2146 532 2230 lege
555 2168 575 2210 a
588 2149 620 2210 te
643 2147 728 2230 peto,
749 2149 787 2209 ut
809 2167 850 2210 ne
873 2151 1043 2230 propterea
1056 2148 1114 2211 mi-

160 2254 222 2298 nue
245 2233 452 2299 crebrastaut
474 2234 581 2298 minus
603 2235 719 2318 longas
742 2233 866 2298 littteras
891 2233 954 2298 des.
982 2233 1115 2310 Quidvis
1220 2255 1221 2258 ’

160 2321 248 2385 enim
271 2323 365 2406 malo,
388 2344 484 2425 quam
499 2343 609 2387 earum
631 2321 717 2385 fruct
703 2325 739 2385 tu
753 2343 869 2387 carere.
898 2320 1027 2386 Gaudeo
1051 2345 1115 2388 me-

160 2413 230 2473 tum
259 2431 366 2474 meum
393 2410 469 2473 de
459 2410 513 2496 lie,
542 2411 597 2496 qui
624 2409 651 2475 is
653 2410 697 2475 tic
723 2409 773 2476 ius
797 2410 887 2475 civile
915 2409 1115 2495 profitentur

161 2518 281 2560 vanum
302 2497 474 2580 fuisse‚et
442 2519 551 2563 eeos
575 2499 760 2584 scriptores,
788 2521 868 2585 quos
896 2519 957 2584 ego
985 2499 1046 2562 tibi
1069 2499 1114 2563 di-

162 2585 291 2649 laudare
319 2605 559 2670 consueveram,
592 2589 687 2652 etiam
716 2587 788 2652 istic
815 2587 932 2671 vigere
976 2583 1114 2650 Felicius

161 2671 393 2758 hac1npartc
416 2676 524 2738 tecum
551 2678 658 2739 actum
682 2678 743 2758 est,
771 2696 867 2757 quam
891 2695 964 2738 cum
987 2675 1115 2758 quibus-

162 2760 236 2826 dam
259 2761 329 2826 aliis
353 2773 591 2846 ουμφοιιηταις
613 2761 677 2825 tuis
682 2763 781 2846 ,qui,
803 2765 840 2825 ut
863 2784 882 2825 a
904 2784 955 2826 rue
979 2761 1115 2847 digressi

163 2853 246 2931 sunt,
268 2849 448 2914 interillos
472 2845 692 2934 συρφετώδεις
710 2871 747 2913 ac
765 2845 989 2934 βορβορώδεις
1011 2849 1115 2933 splen·

163 2934 309 3000 didarum
336 2936 531 3019 ineptiarum
558 2937 731 3020 magistros
755 2939 998 3000 consenescunt
1043 2935 1115 3020 Ego

162 3026 195 3086 et
221 3021 282 3087 tibi
308 3022 370 3087 hoc
397 3024 605 3107 nomine,ut
569 3023 748 3106 utdebeo,
775 3025 849 3108 grat
834 3023 981 3086 ttulor
949 3025 981 3086 et
1004 3024 1116 3124 cupide

161 3112 288 3194 tempus
315 3110 395 3174 illud
422 3113 550 3194 exspect
551 3132 584 3195 ο,
611 3131 683 3175 cum
707 3074 748 3175 ad
770 3132 830 3175 nos
853 3132 920 3175 non
948 3110 1116 3176 illa1nan1

163 3198 399 3284 δοκηοισοφίρι,
427 3197 482 3262 sed
505 3219 580 3262 vera
608 3221 644 3264 ac
667 3199 770 3264 solida
796 3199 1047 3281 iurisprudent1a
1069 3201 1117 3264 in·

163 3287 393 3350 structissimus
416 3287 595 3352 revertaris.
636 3285 789 3353 Nondum
813 3287 950 3352 audiisse
973 3291 1006 3351 te
1029 3291 1108 3370 puto
1109 3338 1117 3370 ‚

162 3394 213 3435 mc
236 3373 289 3437 hic
302 3372 480 3438 Pandectas
503 3374 630 3458 publice
650 3376 864 3460 interpretari,
886 3397 954 3440 non
969 3376 1037 3440 siue
1061 3375 1117 3438 ali-

158 3481 226 3543 qua
248 3461 398 3526 molestia
421 3483 540 3546 eorum,
564 3464 619 3557 qui
641 3465 765 3530 nollent
779 3463 898 3549 configi
917 3464 1026 3529 oculos
1050 3485 1118 3528 cor-
