2658 3914
490 206 709 264 PRAEFATIO.
1016 205 1079 269 119
1202 263 1205 276 ,

118 351 248 416 ratione
272 353 406 434 servata,
429 353 466 415 ut
488 351 692 416 imminutam
720 371 789 416 esse
819 371 839 416 a
865 372 916 414 me
939 350 1077 434 dignita·

118 442 189 503 tem
213 460 305 502 suam
331 458 427 502 nemo
456 439 607 523 conqueri
633 439 751 523 possit,
777 437 841 504 nisi
869 439 924 523 qui
950 442 1079 502 tantum

9 569 10 578 κ
121 527 187 590 sibi
214 526 350 608 tribuat,
379 529 416 590 ut
442 547 548 590 errare
580 549 614 592 se
645 548 740 610 posse
767 548 834 591 non
860 529 965 610 putet3
994 525 1079 609 quod

9 623 15 646 ⁸
121 634 227 699 neque
242 614 390 697 cuiquam
403 635 545 699 unquam
560 615 705 700 contigit,
728 617 761 678 et
773 615 877 678 maius
901 617 959 697 est,
982 635 1080 700 quam

122 705 161 764 ut
184 702 355 765 convenire
377 702 412 765 in
433 701 609 767 humanam
631 703 842 788 fragilitatem
865 705 970 786 queat.
1016 699 1079 766 Sed

120 809 185 852 nos
220 789 296 872 quid
326 789 510 874 fecerimus,
539 792 612 874 ipsa
640 813 692 856 res
722 791 893 856 indicabit:
925 791 1080 854 testatum

121 875 255 960 quidem
282 878 431 942 omnibus
458 900 528 944 esse
559 880 721 962 volumus,
751 878 834 944 nihil
866 877 953 942 aliud
984 877 1079 941 nobis

120 965 325 1047 propositum
347 965 461 1049 fuisse,
488 988 584 1050 quam
611 969 649 1030 ut
676 967 745 1042 sine
769 967 957 1049 cuiusquam
980 965 1078 1029 offen-

121 1051 216 1116 sione
240 1053 350 1116 auxilii
364 1053 485 1138 aliquid
499 1055 646 1118 attulisse
668 1053 744 1118 huic
768 1053 946 1118 studiorum
969 1052 1079 1136 generi

121 1138 310 1204 diceremur.
363 1140 395 1204 A
430 1145 463 1205 te
500 1144 622 1226 autem,
662 1139 852 1226 Hippolyte,
893 1140 1080 1224 Principum

121 1227 235 1310 decus,
268 1227 366 1291 etiam
398 1231 494 1313 atque
525 1229 623 1293 etiam
657 1229 810 1313 petimus,
842 1231 891 1312 ut,
924 1249 988 1312 qna
1019 1249 1080 1292 nos

122 1315 327 1379 humanitate
355 1315 389 1380 in
416 1316 624 1381 familiarium
650 1321 780 1382 tuorum
805 1338 976 1381 numerum
1002 1317 1079 1379 reei-

122 1423 201 1486 pere
229 1403 381 1487 dignatus
409 1425 456 1489 es,
484 1405 594 1469 eadem
621 1405 681 1470 hos
708 1405 836 1470 labores
858 1408 1002 1488 nostros,
1026 1405 1081 1489 qui

122 1491 215 1554 nulla
237 1512 272 1554 re
299 1491 403 1576 magle
427 1514 524 1576 qnam
550 1494 599 1557 tui
626 1493 767 1558 nominis
795 1494 986 1558 auctoritate
1012 1493 1081 1555 nixi

124 1579 160 1641 in
182 1577 346 1662 publicum
360 1579 529 1664 prodeunt,
550 1581 611 1644 tibi
625 1580 827 1663 accipiendos
845 1583 954 1663 putes:
977 1600 1080 1662 neque

9 1675 16 1694 ‘
124 1670 207 1748 tam,
230 1666 306 1750 quid
334 1667 538 1750 amplitudini
565 1671 640 1731 tuae
668 1667 850 1751 conveniat,
879 1688 976 1751 quam
1004 1666 1080 1750 quid

125 1754 284 1837 praestari
297 1776 317 1818 a
330 1754 424 1818 nobis
436 1755 555 1838 possit,
570 1754 740 1838 expendas.
767 1753 853 1818 Nam
869 1754 994 1818 ethaeo
1009 1753 1081 1836 ipsa

125 1841 219 1906 novis
245 1841 281 1905 in
311 1842 378 1906 dies
411 1843 647 1908 accessionibus
678 1845 835 1925 crescent,
867 1845 900 1905 et
931 1841 995 1905 alia
1023 1863 1081 1905 suo

125 1931 284 2081 pemppre,
312 1951 394 2016 quae
421 1931 482 1996 tibi
509 1931 653 2015 gratiora
680 1930 750 1995 fore
778 1929 980 2008 confidimus,
1008 1951 1081 2014 pro-

140 2037 216 2081 eren
231 2039 278 2083 ur.

508 2243 654 2311 CAPUT
675 2243 701 2312 1.
801 2294 808 2302 .

215 2364 368 2420 HORATII
385 2365 503 2423 Locus
521 2365 571 2421 EX
588 2365 760 2421 EURIPIDE
778 2363 996 2420 EXPRESSUS.

194 2490 288 2566 Quod
316 2489 472 2556 Horatius
502 2492 586 2558 libro
619 2492 723 2576 primo
755 2479 977 2576 Epistolarum'
1011 2512 1081 2574 par·

128 2580 291 2662 eleganter
314 2579 443 2663 scripsit
459 2577 494 2664 ¹),
521 2601 590 2645 esse
616 2580 714 2644 verba
741 2583 774 2644 et
796 2600 889 2644 voces
918 2580 1081 2664 quasdam,

129 2667 244 2751 quibus
268 2667 368 2730 animi
395 2667 525 2732 morbos
552 2667 653 2732 lenire
676 2689 714 2732 ac
741 2667 891 2752 mitigare
914 2668 965 2732 fas
988 2672 1082 2751 esset,

129 2755 304 2838 respexisse
326 2755 433 2838 ipsum
456 2755 596 2819 arbitror
618 2755 658 2819 ad
681 2756 787 2820 locum
810 2755 971 2841 quendam
987 2755 1081 2819 Euri-

129 2842 211 2926 pidis
238 2864 278 2906 ex
303 2841 483 2926 Hippolyto
514 2845 667 2909 coronato
681 2840 718 2928 ²),
751 2843 807 2906 ubi
840 2843 950 2907 nutrix
978 2842 1081 2907 Phae-

130 2930 219 2994 dram
250 2930 367 2995 insano
394 2931 536 3014 privigni
570 2951 678 2994 amore
707 2930 872 2992 incensam
906 2930 1082 3012 alloquens,

130 3018 280 3082 admonet
303 3039 384 3102 eam,
410 3021 448 3081 ut
473 3017 622 3082 morbum
648 3017 739 3080 illum
771 3037 864 3078 suurn
886 3015 1014 3079 fortiter
1036 3016 1081 3079 le-

129 3109 190 3169 rat:
221 3127 290 3170 esse
322 3107 408 3170 enirn
440 3108 555 3169 cantus
585 3107 617 3168 et
649 3123 812 3168 sermones
848 3103 1014 3186 quosdam,
1046 3103 1082 3166 in

130 3194 243 3275 quibus
270 3193 350 3258 insit
380 3193 429 3259 vis
459 3192 501 3257 ad
532 3213 605 3256 eum
632 3190 836 3256 mulcendum
870 3212 908 3258 ao
936 3191 1082 3257 mollien-

130 3279 213 3346 dum.
257 3280 379 3346 Versus
401 3279 566 3365 Euripidis
589 3280 624 3345 hi
646 3282 735 3346 sunt:

201 3451 221 3521 ¹)
239 3451 327 3522 Epist.
345 3452 368 3507 Ι.
386 3458 421 3508 34
440 3471 474 3509 aa.

200 3521 220 3590 ²)
239 3541 264 3576 v.
284 3527 345 3577 477.
