2658 3914
482 235 601 291 CAPUT
620 234 730 290 XXXV.
1015 231 1077 296 165

366 453 369 458 ’
453 463 597 532 CAPUT
620 463 751 530 XXXV.

233 585 486 640 rmosralros
504 584 655 640 ιιοιιιιιι
674 585 724 638 nx
743 583 824 640 oms
842 583 966 640 Locos.

191 691 272 758 Cum
298 696 391 758 tanta
418 696 503 758 esset
529 693 615 777 apud
645 696 767 758 veteres
798 693 934 758 infamia
960 712 1079 775 eorum,

124 782 180 866 qui
203 781 326 846 abiecto
353 781 464 865 clypeo
492 781 667 887 fugerant,
678 803 820 866 quosque
847 780 1080 846 contumelioso

123 869 268 970 nomine,
294 872 332 932 ut
357 872 471 934 notum
494 873 555 951 est,
586 864 788 952 ριψάσπιὸας
809 870 980 951 vocabant,
1004 868 1080 952 quid

123 959 159 1020 in
193 959 334 1020 mentem
365 956 491 1021 venisse
522 919 663 1020 dicemus
695 957 833 1042 elegant
824 957 935 1021 rssimo
963 958 1080 1056 politae

124 1043 277 1125 Horatio,
300 1064 370 1106 eam
392 1046 430 1107 ut
451 1047 563 1108 notem
586 1044 679 1107 sibi
670 1066 739 1127 ipse
754 1045 898 1110 versibus
923 1043 988 1108 suis
1011 1043 1080 1105 inu-

125 1153 194 1196 rere
217 1130 375 1196 voluerit?
411 1128 499 1195 Nota
513 1131 599 1194 enim
622 1136 697 1197 sunt
716 1132 773 1197 illa
795 1154 834 1197 ex
852 1132 914 1208 oda
933 1131 973 1195 ad
987 1129 1080 1194 Pom-

125 1220 232 1303 peium
256 1216 425 1304 Varum¹):

216 1342 327 1408 Tecum
350 1340 513 1424 Philippos
534 1345 564 1406 et
584 1341 706 1406 aerem
726 1341 836 1424 sapam

214 1429 305 1496 Sertei
326 1430 432 1494 relicto
453 1449 516 1494 noro
538 1429 610 1494 berte
625 1430 791 1512 paranate:

258 1516 337 1582 (ιιι
357 1518 461 1598 fracta
482 1519 593 1595 virtus,
615 1523 645 1581 et
665 1520 800 1582 minoem

332 1605 434 1686 Turpe
455 1605 554 1668 roam
576 1605 696 1686 tetiperc
718 1609 826 1668 mento.

128 1725 181 1789 An
203 1723 237 1788 id
259 1725 288 1789 ei
310 1725 477 1809 ingenium
497 1725 573 1808 fuit,
595 1727 632 1788 ut
652 1747 720 1790 non
741 1725 776 1788 in
800 1724 879 1789 alios
901 1731 1005 1805 modo,
1028 1721 1084 1787 sed

128 1813 163 1878 in
186 1834 219 1876 se
241 1812 348 1895 ipsum
372 1833 497 1897 quoque
519 1813 657 1877 libenter
670 1812 759 1878 dicte'
769 1812 887 1876 diceret
907 1811 1084 1894 vinetaque,

129 1905 165 1964 ιιι
188 1898 265 1963 alibi
279 1900 337 1982 ait,
360 1900 497 1983 ipsemet
510 1900 656 1965 caederet
679 1897 792 1984 sua⁸)?
828 1899 882 1963 An
897 1901 932 1963 in
954 1898 1084 1962 homine

129 1987 260 2051 minime
283 1987 414 2051 militari
428 1987 672 2071 Mercurialique
694 1988 801 2071 potius
826 2009 921 2072 quam
934 1985 1084 2068 Martiali,

129 2097 232 2160 neque
256 2076 296 2139 ad
320 2096 422 2158 arma,
445 2076 500 2140 sed
523 2075 564 2139 ad
587 2095 710 2140 amores
734 2078 767 2139 et
789 2076 829 2139 ad
852 2075 967 2159 pocula
989 2077 1022 2139 et
1044 2074 1084 2138 ad

130 2163 229 2228 libros
250 2163 436 2228 tractandos
462 2165 540 2228 nato
567 2166 679 2246 aperta
700 2163 756 2226 illa
783 2166 816 2227 et
842 2163 977 2247 simplex
999 2161 1084 2225 timi·

130 2251 239 2316 ditatis
262 2272 338 2316 suae
360 2251 518 2336 professio
540 2251 679 2316 iucunda
699 2251 808 2335 potius
831 2272 927 2336 quam
947 2249 1084 2334 ignomi-

130 2339 222 2404 niosa
244 2339 314 2404 est?
345 2337 431 2404 Nem
454 2339 540 2424 quod
553 2361 626 2404 eum
650 2360 776 2424 quoque
788 2339 904 2422 ipsum,
927 2340 967 2402 ad
990 2358 1085 2422 quem

131 2426 254 2509 scribi,
280 2427 316 2489 in
343 2427 483 2491 eiusdem
510 2428 622 2511 culpae
650 2427 835 2492 societatem
856 2430 962 2508 vocat,
984 2425 1084 2490 videri
1217 2427 1222 2440 ’

131 2515 238 2596 potest
259 2513 372 2578 fecisse
390 2513 569 2578 Xenaeneti
586 2515 795 2580 Atheniensis
818 2517 972 2598 exemplo,
994 2513 1084 2578 ouius

131 2603 181 2664 est
200 2599 319 2666 nobilis
341 2600 398 2665 illa
419 2603 601 2710 responsio
609 2601 649 2668 ad
672 2603 756 2668 oives
779 2625 854 2668 suos
877 2603 1084 2688 obiurgantes

131 2709 212 2767 curn,
234 2688 320 2773 quod
342 2688 486 2772 fugisset,
508 2683 601 2755 Μεθ’
626 2685 721 2773 ὑμῶν
743 2712 796 2773 γε,
819 2679 845 2755 ὦ
869 2694 963 2773 φίλαι
985 2712 1084 2772 aepa-

131 2779 194 2841 ιαί.
239 2775 378 2841 Omnino
400 2781 510 2842 tamen
531 2779 734 2843 verisimilius
757 2799 827 2841 esse
850 2778 934 2842 arbit
920 2781 995 2859 rtor,
1017 2777 1084 2841 Ho-

130 2863 248 2927 ratium
274 2863 335 2928 hae
362 2867 488 2948 quoq'uc
514 2864 610 2929 inre
638 2865 834 2946 Archilochi,
865 2864 906 2926 ad
933 2864 1022 2927 ouius
1051 2884 1084 2928 se

131 2949 344 3015 imitationem
367 2951 508 3015 studiose
522 2954 770 3035 comparaverat,
793 2951 929 3014 similem
947 2971 1016 3015 csse
1030 2972 1084 3015 vo-

132 3037 237 3102 luisse.
282 3035 446 3120 Siquidem
468 3041 501 3101 et
521 3039 584 3121 ille,
606 3041 643 3101 ut
664 3039 728 3102 alia
749 3038 887 3121 turpiter
904 3059 923 3101 a
941 3059 975 3102 se
990 3038 1085 3122 facta,

130 3125 216 3208 quod
244 3126 331 3208 apud
357 3123 528 3189 Aelianum
554 3089 736 3210 ligimus³),
763 3125 1011 3210 praedicaverat,
1038 3128 1085 3192 ita

130 3234 203 3276 cum
229 3213 265 3276 in
290 3213 414 3297 proelio
441 3213 592 3278 adversus
620 3211 726 3300 Seios,
753 3213 907 3279 Threciae
938 3216 1085 3302 populos,

203 3401 381 3542 llas.
403 3480 426 3530 1.
445 3482 497 3532 ιο

203 3542 224 3610 ⁸)
243 3543 308 3599 Var.
326 3543 398 3600 Hist.
418 3546 451 3602 X.
473 3554 512 3603 13.
