2656 3910
488 198 667 256 EPISTOLA
685 201 758 256 XIV.
1058 201 1099 263 l‘l

142 343 243 428 igitur
264 342 357 428 facio,
379 348 518 429 petoque
541 366 560 407 a
582 347 624 429 te,
647 347 692 428 ut,
715 344 743 408 si
761 343 826 407 ulla
848 365 990 429 unquam
1014 344 1099 427 apud

144 434 176 495 te
198 453 270 495 mea
283 432 517 497 commendatio
532 433 641 516 valuit,
664 432 750 517 quod
773 432 838 496 scio
851 431 988 496 valuisse
1003 453 1099 515 quam

143 519 306 602 plurimes,
328 518 404 584 huic
425 520 498 604 plus
522 521 619 584 etiam
638 542 734 603 quem
757 520 869 583 ceteris
892 518 1098 583 tribuendum

142 610 246 691 putes,
269 607 463 693 adiiciasque
478 609 518 672 ed
540 608 630 672 illam
651 607 894 690 humanitatem,
910 629 973 693 que
987 628 1098 671 omnes

142 695 287 779 excipere
315 695 428 760 solitus
456 717 503 781 es,
532 694 685 781 quidquid
716 698 851 778 rogante
880 698 975 779 atque
1008 697 1098 759 obse-

143 787 255 934 {datm
276 803 327 848 me
354 783 449 848 adiici
470 788 586 868 potest.
630 781 720 848 Vale.
744 782 880 848 Postrid.
904 781 988 849 Non.
1012 781 1099 867 Sept.

173 891 191 932 ι
207 891 286 936 ιιιο.

578 1096 665 1162 XIV.

338 1221 386 1294 Μ.
413 1220 655 1296 ANTONIUS
682 1221 907 1296 MURE'PUS

143 1356 346 1413 FRANOISOO
365 1355 557 1412 TURNONIO
576 1357 602 1413 S.
616 1358 649 1414 R.
664 1357 695 1413 a.
709 1357 883 1415 EPISOOPO
898 1358 1098 1415 OARDINALI

573 1465 594 1506 s.
608 1466 632 1505 1³.
646 1465 674 1506 n.

210 1570 288 1637 Non
309 1575 387 1655 puto
401 1572 467 1635 ulla
479 1573 560 1636 mihi
574 1573 777 1640 excusatione
791 1575 876 1656 apud
889 1576 921 1638 te
943 1574 1098 1638 utendum

145 1681 224 1744 esse,
239 1658 333 1760 quod
356 1659 397 1723 ad
419 1661 451 1722 te
474 1659 577 1723 rarius
597 1660 743 1724 scribam
770 1657 855 1724 Nam
877 1663 947 1724 tum
970 1660 1097 1725 demum

144 1768 275 1831 peccare
298 1747 367 1831 ipse
389 1746 470 1810 mihi
492 1746 677 1829 viderer,
651 1769 679 1810 si
705 1747 790 1811 tanti
811 1767 862 1811 me
889 1746 1098 1831 iacerem,t
1062 1752 1098 1811 ut

144 1835 214 1917 tibi,
236 1835 372 1898 tanto
341 1855 411 1899 ιιιο
432 1834 596 1919 tantisque
615 1834 742 1899 assidue
755 1834 1049 1918 occupationibus
1039 1858 1097 1899 ιιι-

146 1884 269 2003 pedito‚
295 1921 477 2003 frequenter
503 1921 619 1986 litteris
641 1922 722 1988 meis
745 1922 971 2007 obstreperem.
1007 1923 1097 1988 Ideo-

147 2027 209 2091 que
237 2006 385 2071 contineo
417 2027 468 2069 me
496 2009 540 2090 et,
567 2029 640 2072 cum
666 2010 808 2094 quotidie
836 2012 873 2075 de
900 2014 933 2075 te
960 2012 1098 2096 cogitem

147 2097 298 2178 votaque,
321 2092 369 2157 uti
391 2092 503 2176 debe0,
529 2113 588 2176 pro
610 2033 688 2158 tuaq
689 2096 790 2160 salute
813 2101 909 2181 atque
931 2099 1097 2163 incolumi-

146 2184 213 2247 tate
236 2181 393 2283 faciam,
383 2203 419 2245 ιιι
433 2143 600 2246 scribendo
623 2204 695 2247 sum
708 2183 818 2266 rarior,
839 2206 942 2268 neque
956 2207 1098 2285 unquam

147 2271 180 2335 id
202 2270 293 2354 facio,
315 2269 379 2335 nisi
401 2291 473 2334 cum
497 2269 618 2355 aliquid
640 2270 763 2355 accidit,
785 2274 830 2355 ut,
848 2271 911 2335 nisi
934 2272 1098 2356 scripsere,

147 2359 253 2425 officio
280 2358 387 2422 videar
414 2358 589 2423 defuturus.
635 2357 735 2436 Quale
763 2362 824 2444 est,
848 2360 933 2444 quod
959 2381 1011 2425 me
1037 2360 1099 2425 hoc

146 2450 291 2530 tempore
318 2450 355 2510 ut
381 2447 553 2512 scriberem
585 2447 725 2512 adduxit.
770 2446 852 2514 (lum
879 2448 965 2513 enim
996 2470 1099 2533 nuper

148 2538 220 2598 octo
233 2533 406 2598 Variacum
419 2533 607 2599 Lectionum
620 2535 720 2602 libros
735 2537 914 2621 edidissem,
936 2537 997 2602 etsi
1020 2538 1098 2602 satis

147 2621 182 2686 in
183 2622 380 2723 colligebam,
403 2643 457 2686 eos
483 2623 618 2688 leviores
641 2645 723 2707 esse,
738 2646 851 2726 quam
872 2628 911 2689 ut
930 2628 980 2709 tu,
1004 2647 1099 2710 quem

147 2709 229 2773 nihil
254 2710 317 2774 nisi
348 2710 547 2794 praeclarum
574 2715 669 2796 atque
697 2713 847 2776 eximium
875 2713 974 2797 capit,
1000 2715 1099 2778 ullam

147 2817 299 2882 magnam
329 2799 527 2881 voluptatem
560 2820 598 2862 ex
629 2820 738 2864 eorum
769 2800 906 2865 lectione
937 2802 1099 2884 percipere

147 2906 272 2967 posses:
295 2885 433 2950 iudicavi
445 2889 563 2968 tamen,
581 2887 712 2951 omnino
726 2888 806 2952 mihi
828 2889 1007 2952 faciendum
1021 2910 1099 2971 esse,

148 2973 186 3034 ιιι
212 2992 322 3035 eorum
350 2973 511 3056 exemplar
537 2995 637 3036 unum
665 2974 705 3038 ad
731 2977 764 3037 te
791 2975 966 3057 mitterem,
996 2996 1098 3059 neque

149 3057 302 3142 dubitavi,
324 3059 402 3143 quin
424 3062 461 3122 tu
483 3081 537 3123 eos
559 3060 696 3123 libenter
717 3065 903 3144 accepturus
922 3082 1026 3145 esses,
1049 3064 1100 3127 vel

149 3146 225 3231 quia
251 3146 314 3210 mei
341 3149 430 3231 sunt,
456 3147 507 3209 vel
530 3147 605 3231 quia
632 3147 742 3231 scripti
768 3150 809 3213 ad
832 3169 917 3232 eum,
945 3150 1000 3234 qui
1021 3154 1058 3214 ut
1080 3173 1099 3215 a

148 3237 181 3298 te
210 3235 416 3320 singulariter
441 3237 580 3318 amatur,
606 3235 652 3299 ita
679 3237 802 3321 teipsa
830 3238 1010 3303 admirabili
1033 3260 1099 3303 non

149 3343 257 3386 amore
280 3324 397 3408 solum,
420 3324 476 3388 sed
498 3325 585 3388 cultu
607 3324 729 3389 medius
756 3325 850 3390 fidius
873 3329 968 3410 atque
992 3327 1098 3391 obser-

149 3411 259 3474 vantia
280 3412 490 3496 prosequitur.
523 3410 632 3476 Unum
645 3416 702 3496 est,
725 3415 810 3498 quod
825 3435 1006 3498 quenquam
1019 3415 1098 3479 mihi

149 3498 293 3563 conscius
317 3521 388 3564 sum
410 3521 461 3563 me
475 3500 596 3582 optimo
620 3501 726 3566 animo
748 3502 871 3586 iecisse,
892 3505 1010 3585 tamen,
1024 3504 1100 3587 quia

190 3587 285 3632 mmm
297 3591 347 3636 scr.
361 3601 410 3635 ιιι..
423 3599 447 3632 ιι.
870 3609 886 3658 2
903 3615 907 3624 ·
