2656 3910
262 216 306 276 60
581 207 763 264 EPISTOLA
779 208 889 263 XLVII.

262 354 524 440 occupationibus
538 353 618 418 meis
633 355 666 417 et
679 353 758 418 vale.
786 351 913 417 Tibure.
927 368 973 414 111.
986 349 1072 415 Non.
1087 349 1235 419 Octobr.

261 461 391 510 nonu

673 683 805 750 XLVII.

455 812 504 887 M.
531 810 774 884 ANTONIUS
801 809 1024 885 MURETUS

707 947 729 989 S.
742 947 770 987 D.

485 1033 648 1093 HORATIO
669 1033 891 1090 CARDANETO
911 1033 990 1090 SUO.

328 1163 431 1229 Valde
462 1163 547 1227 tardi
578 1161 682 1226 effecti
713 1163 790 1226 sunt
820 1161 981 1225 tabellarii
1016 1160 1129 1245 vesti,
1164 1164 1223 1247 qui

262 1251 506 1336 quadragesimo
534 1250 662 1314 demum
689 1249 740 1313 die
766 1249 890 1313 litteras
916 1249 980 1313 huc
1006 1248 1103 1313 istinc
1130 1251 1222 1314 adfe-

261 1343 343 1403 rant.
374 1338 464 1403 Idem
486 1337 566 1402 mihi
588 1336 704 1401 accidit
724 1336 812 1401 haud
828 1337 876 1401 ita
897 1337 1022 1421 pridem
1043 1336 1079 1401 in
1100 1337 1222 1404 litteris
1304 1359 1305 1414 l

263 1426 455 1511 quibusdam
468 1423 610 1489 Gisberti
630 1423 721 1506 Oddi,
745 1446 835 1508 quac,
858 1447 930 1490 cum
953 1425 1090 1508 scriptae
1113 1426 1155 1490 ab
1180 1447 1219 1492 eo
1304 1439 1305 1446 ’

261 1517 371 1580 essent
391 1535 500 1579 mense
522 1511 711 1596 Novembri,
738 1514 880 1596 perlatae
904 1513 944 1576 ad
972 1534 1024 1577 me
1052 1517 1129 1578 sunt
1149 1514 1219 1578 ine-
1304 1569 1305 1572 ,

262 1605 340 1667 unte
375 1601 536 1668 Ianuario.
581 1599 644 1667 Sed
678 1600 740 1665 hoc
775 1603 885 1664 tamen
920 1601 1098 1685 commodo,
1131 1603 1220 1686 quod
1304 1619 1305 1660 l

261 1691 356 1757 hodie
382 1690 601 1775 potissimum:
633 1692 682 1772 ut,
709 1688 765 1773 qui
792 1689 859 1753 dics
885 1710 969 1753 unus
996 1709 1036 1752 ex
1066 1690 1218 1754 omnibus

263 1801 389 1844 summa
409 1779 573 1843 hilaritate
596 1779 637 1841 ab
657 1777 806 1841 omnibus
827 1775 953 1840 traduci
980 1777 1077 1860 solet,
1098 1797 1136 1842 ec
1158 1799 1218 1862 po·
1304 1779 1305 1856 l

263 1868 424 1932 tissimum
441 1867 596 1930 hilararer
616 1864 846 1929 iucundissimo
869 1885 1015 1929 sermone
1037 1864 1218 1930 litterarum
1304 1861 1305 1866 ’

262 1958 391 2018 tuarum
414 1956 447 2018 et
467 1953 688 2017 recordatione
709 1952 828 2017 amoris
851 1971 928 2036 erga
949 1973 1002 2016 me
1023 1952 1085 2036 tui,
1108 1951 1217 2018 simul·

264 2063 338 2126 que,
392 2041 523 2106 uoniam
550 2041 591 2107 ab
623 2040 917 2124 interpellatoribus
943 2040 1025 2104 nihil
1054 2043 1104 2105 est
1133 2041 1216 2124 peri-

263 2130 340 2214 culi,
368 2064 465 2215 dadis
493 2129 635 2194 enimet
661 2128 850 2212 spectaculis
878 2148 988 2192 omnes
1014 2127 1110 2192 hodie
1138 2128 1216 2192 deti-
1304 2141 1305 2150 ¹

262 2216 402 2303 nentina)
433 2217 526 2283 vacui
547 2216 703 2300 temporis
735 2216 776 2279 ad
806 2214 1064 2298 respondendum
1096 2215 1217 2301 aliquid

262 2306 425 2371 haberem.
469 2305 573 2388 Igitur
600 2303 639 2366 de
666 2323 718 2367 me
749 2303 892 2387 meisque
924 2303 1037 2368 studiis
1068 2304 1134 2368 iam
1164 2325 1215 2368 co·

264 2413 381 2477 gnosso
403 2395 436 2456 te
459 2391 581 2475 aliquid
602 2393 681 2473 puto
704 2411 744 2453 ex
764 2391 805 2454 iis
827 2391 952 2474 litteris,
970 2413 1050 2476 quas
1073 2391 1215 2476 proxime
1304 2433 1305 2448 r

264 2480 305 2543 ad
327 2478 512 2543 Gisbertum
534 2477 620 2541 dedi:
649 2477 726 2542 satis
749 2479 836 2541 enim
859 2479 938 2562 scio,
966 2501 1075 2543 carum
1096 2482 1130 2543 te
1152 2483 1215 2544 eta-

262 2567 323 2631 tim
345 2565 535 2649 participem
559 2564 689 2630 factum.
734 2565 962 2631 Terentianum
973 2564 998 2651 ¹)
1021 2566 1100 2632 illud
1127 2568 1217 2633 sirit

264 2673 340 2736 opas
369 2652 433 2718 ioci
465 2673 577 2718 caussa
613 2653 734 2718 dictum
765 2657 828 2718 est:
861 2653 954 2738 quasi
989 2655 1115 2720 evenire
1150 2655 1214 2720 ullo

263 2740 359 2806 modo
381 2741 498 2825 possit,
525 2744 562 2806 ut
582 2740 645 2807 hoc
668 2762 803 2825 quoque.
820 2741 906 2806 facto
930 2764 1010 2826 opus
1034 2743 1084 2807 sit.
1128 2740 1213 2828 Ergo
1304 2807 1305 2816 ,

263 2831 357 2894 alsit
377 2849 468 2912 opas3
491 2829 602 2911 siquis
623 2849 705 2894 cccc
725 2830 761 2893 id
776 2830 847 2912 ficri
862 2831 1010 2911 postule&
1032 2829 1143 2912 aquas
1162 2830 1215 2895 icoc

263 2917 594 3000 setiamaofficiam
616 2917 829 2999 adaipetaa
852 2917 1215 3000 siqacsiaeomcsibi

262 3008 438 3090 pratiytcari
463 3007 550 3085 velia
577 3006 606 3073 si
631 3007 708 3089 qaid
732 3007 860 3084 amici,
891 3011 929 3070 at
946 3005 1069 3087 psillos
1098 3005 1215 3070 Intersit

264 3115 334 3159 eam
365 3095 497 3160 wisorem
523 3115 545 3160 c
570 3114 619 3160 mc
645 3095 727 3176 copi,
763 3097 796 3158 et
821 3094 850 3159 si
877 3094 996 3176 copias,
1029 3093 1131 3157 multa
1155 3113 1212 3157 nos

266 3181 579 3332 ddsoqdddcddssgduidd
595 3180 1149 3332 dddidirtedreddcomildlieatemlddododdd
1168 3180 1214 3332 ddi

266 3373 376 3420 aaa
397 3355 441 3418 aa
454 3354 628 3436 poariam
649 3354 707 3432 ao,
726 3355 826 3438 quasi,
840 3355 895 3440 qui
916 3355 950 3418 io
963 3317 1049 3439 iacis,
1071 3374 1139 3420 non
1160 3375 1213 3420 aa

263 3501 269 3512 ’
341 3524 360 3594 ¹)
377 3524 449 3582 aun.
467 3527 506 3595 Π,
527 3531 555 3594 1,
575 3530 617 3580 ιτ.
642 3524 693 3594 111,
713 3531 742 3594 2,
761 3531 803 3580 aa.
