2658 3914
202 151 265 238 122
568 150 651 204 VAR.
670 149 771 206 Lucu.

198 294 308 360 debeo.
344 293 412 358 Alii
427 293 606 376 complures
621 293 780 358 rationem
794 292 876 356 inire
890 292 1051 374 poterunt,
1075 295 1154 375 quot

197 383 261 466 ipsi
283 383 370 448 locos
393 382 428 445 in
452 379 603 446 Cicerone
622 381 836 470 porrexerint:
859 380 907 444 illi
931 383 987 444 aut
1008 381 1075 462 uni,
1097 383 1154 443 aui

199 492 272 535 cum
294 469 508 554 paucissimis,
529 469 606 533 licet
628 468 741 553 dicere,

244 609 398 692 Pauperis
420 613 464 673 est
484 629 647 674 numerere
665 629 757 690 peaes
771 607 808 694 l).

199 749 241 816 In
262 748 350 814 illius
372 748 473 834 igitur
495 749 585 814 libris
613 745 759 834 (tandem
781 748 867 812 enim
890 746 931 812 ad
953 747 1154 831 propositum

200 859 252 902 me
280 836 417 900 referam
443 833 569 923 tamen)
596 837 634 920 is,
662 836 701 901 de
728 857 792 920 quo
820 836 964 921 agebam,
991 836 1080 900 locus
1107 835 1156 899 iia

201 1013 374 1078 rationibus
399 1013 491 1078 illam
518 1014 561 1078 aa
585 1032 660 1078 saas
691 1013 878 1078 conditiones
906 1013 1071 1094 perducere
1098 1015 1157 1075 etc

201 1099 378 1183 Praeclare,
407 1103 444 1164 ut
471 1101 545 1166 dixi.
590 1100 752 1176 Imbtberit
783 1101 869 1166 enim
900 1103 962 1164 est:
1001 1098 1063 1164 hoo
1095 1099 1157 1163 sibi

202 1189 298 1271 plane
320 1189 532 1273 proposuerii,
559 1187 621 1253 hoc
643 1188 690 1253 ita
712 1189 748 1252 in
769 1192 877 1253 mente
900 1209 938 1253 ao
961 1187 1156 1272 cogitatione

203 1297 262 1340 sua
285 1275 437 1358 defixerit,
466 1278 503 1340 ui
530 1276 623 1340 evelli
652 1297 719 1340 non
747 1280 852 1361 queat.
896 1275 1088 1340 lassantem
1111 1275 1158 1338 ita

202 1363 358 1447 scriptum
382 1362 531 1428 omnibus
553 1363 670 1428 litteris
693 1365 728 1427 in
742 1365 838 1448 longe
852 1365 999 1448 plurimis
1022 1363 1157 1427 vetustis

203 1450 374 1516 codicibus.
420 1449 482 1515 Sed
505 1451 678 1515 insolentia
700 1452 873 1516 locutionis
888 1451 1047 1516 fefellerat
1069 1451 1158 1533 alios,

204 1560 286 1622 quae
322 1537 504 1603 Manutium
539 1561 607 1604 non
642 1539 734 1624 fugis.
779 1539 955 1604 Memineat
991 1539 1077 1604 enim
1112 1539 1159 1603 ita

203 1627 346 1692 locutum
369 1625 552 1692 Lucrelium
575 1627 629 1692 lib.
652 1627 713 1693 111„
728 1625 755 1714 ²)

249 1765 430 1918 {mmm
451 1787 472 1830 a
488 1767 604 1850 popolo
624 1768 723 1850 fasces
742 1787 905 1871 saevasque
926 1787 1042 1834 secares

269 1874 301 1917 m
376 1903 383 1918 .

205 1993 251 2058 Et
273 1993 356 2059 libro
379 1998 470 2060 sexto
483 1992 524 2082 ³):

251 2171 295 2181 -
317 2155 380 2200 aaa
402 2136 484 2218 qamt
503 2135 616 2202 violari
636 2154 759 2200 mmma
781 2135 870 2201 deam
891 2137 939 2202 ms

253 2223 364 2302 Possit,
386 2229 423 2288 at
443 2243 480 2288 ea
502 2225 553 2288 im
570 2243 687 2306 pomae
702 2229 805 2306 petere
826 2223 955 2290 imbibat
974 2241 1066 2288 acres.

208 2363 256 2429 Ut
278 2383 355 2446 ergo
378 2383 398 2424 a
420 2360 569 2426 Lucretio
598 2363 717 2428 dictum
746 2366 803 2448 esi,
830 2364 959 2429 imbibat
977 2367 1086 2445 petere,
1116 2360 1162 2425 sic

211 2473 230 2515 a
256 2450 299 2514 M.
327 2448 446 2530 Tullio,
475 2450 530 2533 qui
557 2469 629 2514 curn
658 2454 788 2535 po'e‘iam
816 2451 1049 2517 studiosissime
1078 2449 1161 2532 lege-

209 2541 274 2620 rat,
314 2536 468 2601 imbiberit
499 2539 671 2619 perdiccae.
720 2539 807 2605 Usus
851 2541 964 2605 eodem
999 2537 1094 2602 modo
1131 2538 1164 2599 et

210 2625 321 2690 Livius
350 2625 433 2689 libro
465 2628 604 2691 secundo
636 2626 814 2692 Annalium
827 2626 869 2710 ⁴):
913 2629 1019 2709 Neqae
1050 2645 1164 2689 memor

211 2715 285 2792 eim,
312 2714 394 2794 qaod
418 2713 509 2780 mitio
541 2715 717 2782 commictae
747 2715 921 2794 imbiberat,
948 2711 1165 2780 reeoaeiltmati

211 2803 333 2868 ammos
349 2800 458 2884 plebes.

286 2976 306 3044 ²)
325 2975 405 3031 Ovid.
423 2977 489 3032 met.
507 2975 581 3031 XIII.
600 2983 660 3034 824

286 3046 307 3184 23
325 3065 352 3168 z:
371 3051 453 3170 m

285 3186 307 3254 ⁴)
327 3200 350 3239 c.
369 3189 412 3238 47.
