2656 3910
458 252 636 309 nplsuom
654 252 751 309 nxxl.
1036 247 1077 312 97
1203 321 1204 324 ,

126 398 212 462 blico
231 396 366 462 docendi
386 418 526 481 munere,
549 398 634 482 quod
648 418 751 461 annos
765 397 800 460 in
813 396 874 460 hac
887 394 966 458 urbe
980 413 1080 456 unum

127 488 161 550 et
180 485 304 570 'viginti
328 485 551 569 sustinueram,
575 488 690 568 sponte
713 506 765 550 me
789 483 949 548 abdicavi:
977 483 1009 544 et
1031 483 1078 544 ta-

127 595 202 638 men
225 595 265 637 ex
288 594 325 637 eo
345 573 509 656 capiebam
529 573 700 657 quotannis
722 573 944 656 septingentos
966 591 1079 634 aureos

127 683 257 744 numos,
285 682 381 745 quam
408 661 576 744 pecuniam
598 682 693 725 nemo
717 661 781 725 nisi
804 659 932 724 aliunde
956 657 1079 721 affatim

128 749 303 812 instructus
330 748 437 832 facile,
464 752 501 812 ut
524 749 651 832 opinor,
679 747 893 812 contemserit.
939 744 1078 811 Oaussae

128 836 208 900 mibi
234 836 365 900 fuerunt
391 837 538 919 capiendi
565 837 634 902 eius
657 835 784 902 consilii
805 836 934 898 multae.
981 832 1078 908 Quin-

128 924 284 1009 quaginta
304 929 376 988 ooto
397 945 499 989 annos
512 928 609 990 natus
625 946 705 1007 sum,
729 927 761 988 et
775 923 879 988 sentio
893 943 944 985 me
957 922 1078 1004 paulla-

128 1013 188 1076 tim
211 1011 332 1076 viribus
356 1012 455 1076 defici.
498 1011 630 1096 Semper
653 1014 760 1075 autem
784 1010 890 1074 audivi
913 1031 933 1072 a
955 1008 1078 1090 sapien·

128 1101 215 1164 tibus
240 1099 311 1182 dici,
336 1099 480 1163 desinere
495 1101 594 1163 satius
609 1119 678 1163 esse
693 1120 790 1183 quam
804 1097 944 1162 deficere.
976 1095 1079 1159 Multa

129 1188 250 1271 scripta
266 1186 370 1251 habeo
388 1186 507 1270 partim
525 1187 689 1270 inchoata,
711 1185 829 1270 partim
844 1184 941 1249 etiam
956 1183 1078 1266 affecta,

129 1297 210 1361 quae
242 1296 366 1339 meeum
400 1275 508 1339 omnia
540 1275 734 1340 intercidant
761 1295 891 1339 necesse
922 1276 983 1356 est,
1015 1271 1078 1336 nisi

128 1364 209 1428 mihi
233 1362 274 1426 ad
293 1385 330 1426 11
350 1363 540 1446 expolienda
559 1363 618 1429 otii
635 1362 756 1448 aliquid
771 1383 944 1446 sumpsero.
978 1358 1079 1424 Simul

128 1452 274 1534 verebar,
309 1472 350 1515 ne
383 1452 455 1535 quis
489 1445 673 1535 ἀπληστίαν
705 1473 810 1516 meam
844 1451 1019 1532 accusaret,
1052 1449 1079 1512 si

130 1540 215 1624 quod
245 1538 323 1602 satis
352 1560 509 1622 superque
537 1543 586 1603 111
613 1540 654 1602 ad
680 1540 850 1603 tutandam
877 1539 978 1601 vitam
1005 1558 1079 1601 con·

131 1630 258 1692 secutus
277 1627 381 1691 labori
399 1629 510 1688 tamen
527 1646 594 1690 non
612 1647 785 1708 parcerem,
808 1625 864 1688 sed
883 1625 1079 1706 amplifican-

131 1715 190 1780 dae
212 1715 258 1778 rei
281 1736 378 1798 supra
400 1713 532 1778 modum
550 1714 718 1777 studerem.
750 1712 839 1796 Ergo
859 1715 891 1774 et
903 1712 964 1775 hac
979 1712 1079 1793 suspi-

130 1804 222 1867 cione
236 1823 287 1866 me
302 1802 431 1885 exsolvi,
449 1803 482 1865 et
496 1801 596 1865 otium
609 1800 698 1884 mihi,
711 1804 748 1864 ut
762 1821 864 1883 spero,
877 1799 912 1861 in
925 1798 1080 1881 1111111111

130 1891 232 1954 vitam
250 1890 440 1972 comparavi.
472 1888 547 1966 ,Quo
565 1892 675 1952 tamen
694 1889 760 1953 otio
779 1909 846 1952 non
864 1886 905 1950 ad
918 1885 1080 1971 ignaviam

131 1978 261 2058 abutar3
285 1977 340 2040 sed
359 1998 483 2060 semper
502 1977 623 2062 aliquid
641 1976 764 2061 moliar,
787 1976 873 2060 quod
886 1997 937 2038 me
951 1973 1080 2057 prodes·

133 2086 168 2129 se
191 2063 337 2147 posteris,
362 2064 517 2129 siminus
540 2065 693 2149 potuisse,
716 2067 750 2128 at
772 2066 857 2128 certe
879 2065 949 2126 toto
973 2062 1081 2126 animo

131 2150 271 2216 voluisse
299 2154 442 2215 testetur.
491 2152 723 2218 Describuntur
750 2151 803 2216 hic
830 2171 916 2214 nunc
943 2172 963 2212 a
989 2152 1080 2232 typo-

132 2240 265 2325 graphis
295 2260 392 2324 opera
421 2241 530 2304 omnia
552 2240 690 2306 Senecae
718 2239 887 2304 emendata
915 2236 1021 2301 studio
1045 2258 1081 2300 ac

133 2328 300 2414 diligentia
327 2349 406 2392 mea.
453 2327 541 2405 Quae
564 2331 659 2393 simul
682 2329 831 2394 absoluta
853 2327 959 2409 erunt,
986 2324 1027 2388 ad
1050 2328 1081 2387 te

134 2417 311 2481 mittentur.
354 2413 511 2501 Sequetur
534 2415 789 2483 Commentarius
812 2415 847 2480 in
870 2411 1080 2479 11111111Αή-

135 2505 258 2568 stotelis
277 2505 402 2588 aliaque
422 2504 580 2589 deinceps,
603 2527 684 2589 quae
702 2505 763 2569 tibi
774 2526 841 2569 non
855 2521 1082 2588 usquequaque

105 2591 333 2674 *displicitura
360 2591 493 2657 confido.
538 2592 666 2657 Interea
692 2594 785 2658 mitto
813 2592 854 2657 ad
881 2595 913 2658 te
942 2591 1081 2655 oratiun-

135 2678 238 2744 culam
269 2680 415 2745 habitam
446 2680 500 2744 hio
529 2702 548 2744 a
577 2703 628 2745 me
657 2682 692 2745 in
720 2682 832 2746 funere
862 2680 955 2745 Pauli
981 2679 1082 2761 Foxii,

133 2764 376 2852 Archiepircopi
403 2768 568 2849 Tolosani,
596 2769 707 2855 magni
733 2791 771 2834 ac
797 2769 991 2852 praestantis
1022 2767 1082 2831 riri

133 2854 269 2937 tibique,
296 2858 333 2917 ut
360 2855 487 2940 opinor,
514 2880 581 2921 non
603 2858 714 2942 ignoti.
760 2856 879 2921 Addidi
902 2856 964 2919 duo
988 2875 1081 2938 quae-

135 2940 210 3002 dam
227 2941 388 3021 podmatia
405 2963 486 3024 mea,
508 2945 549 3007 ad
567 2966 647 3027 quae
665 2945 833 3010 familiaris
849 2944 978 3028 quidam
992 2964 1097 3006 meus

134 3026 264 3090 notulas
296 3027 450 3108 quasdam
478 3030 592 3094 adiecit
623 3054 690 3097 non
716 3054 848 3118 prorsus
875 3031 1081 3114 inelegantes.

134 3113 224 3178 Haec
251 3135 355 3199 pauca
381 3113 519 3179 libenter
546 3119 681 3201 accipies
707 3126 803 3205 teque
830 3120 870 3183 iis
899 3118 1082 3201 oblectabis,

135 3201 211 3266 dum
239 3225 258 3266 a
283 3223 336 3266 me
359 3202 488 3288 gravius
511 3203 631 3286 aliquid
654 3211 686 3270 et
708 3209 850 3292 dignius,
878 3207 964 3292 quod
987 3206 1027 3269 ad
1049 3210 1081 3270 te

134 3291 294 3375 mittatur,
322 3291 468 3375 accipias.
512 3291 640 3356 Interea
662 3315 718 3358 oro
740 3300 773 3358 te
796 3317 855 3378 per
876 3295 965 3358 illam
988 3315 1082 3377 saepe

133 3379 213 3443 mihi
241 3384 418 3464 spectatam
445 3380 680 3445 humanitatem
708 3403 745 3447 ac
772 3383 956 3447 comitatem
983 3385 1083 3463 tuam,

135 3471 171 3530 ut
195 3489 301 3532 amare
325 3489 375 3531 me
398 3489 523 3553 pergas,
546 3470 677 3554 eiusque
698 3470 746 3534 rei
767 3470 847 3534 mihi
870 3471 965 3534 fidem
986 3469 1082 3532 inter·

133 3554 223 3638 dum,
255 3555 341 3640 quod
369 3558 535 3623 commodo
563 3561 619 3622 tuo
647 3557 716 3642 fiat,
747 3559 812 3623 tuis
845 3556 1082 3622 iucundissimis

166 3653 262 3695 Morum
274 3652 324 3695 sca.
338 3659 387 3692 nn.
400 3658 425 3692 11.
856 3664 871 3714 q
