<?xml version="1.0" encoding="UTF-8"?>
<!DOCTYPE html PUBLIC "-//W3C//DTD XHTML 1.0 Transitional//EN"
    "http://www.w3.org/TR/xhtml1/DTD/xhtml1-transitional.dtd">
<html xmlns="http://www.w3.org/1999/xhtml" xml:lang="en" lang="en">
 <head>
  <title>
</title>
<meta http-equiv="Content-Type" content="text/html;charset=utf-8" />
  <meta name='ocr-system' content='tesseract 3.04.00' />
  <meta name='ocr-capabilities' content='ocr_page ocr_carea ocr_par ocr_line ocrx_word'/>
</head>
<body>
  <div class='ocr_page' id='page_1' title='image "./scriptaselecta01muregoog_0115.png"; bbox 0 0 2656 3910; ppageno 0'>
   <div class='ocr_carea' id='block_1_1' title="bbox 303 206 941 273">
    <p class='ocr_par' dir='ltr' id='par_1_1' title="bbox 303 206 941 273">
     <span class='ocr_line' id='line_1_1' title="bbox 303 206 941 273; baseline -0.017 0"><span class='ocrx_word' id='word_1_1' title='bbox 303 209 365 273; x_wconf 86' lang='lat'><strong>108</strong></span> <span class='ocrx_word' id='word_1_2' title='bbox 609 206 787 262; x_wconf 82' lang='lat' dir='ltr'><strong>EPISTOLA</strong></span> <span class='ocrx_word' id='word_1_3' title='bbox 805 207 941 262; x_wconf 85' lang='lat' dir='ltr'>LXXVII.</span> 
     </span>
    </p>
   </div>
   <div class='ocr_carea' id='block_1_2' title="bbox 296 351 1318 3596">
    <p class='ocr_par' dir='ltr' id='par_1_2' title="bbox 296 351 1318 3596">
     <span class='ocr_line' id='line_1_2' title="bbox 299 351 1267 437; baseline -0.01 -18"><span class='ocrx_word' id='word_1_4' title='bbox 299 354 416 419; x_wconf 81' lang='lat' dir='ltr'><strong>tembri</strong></span> <span class='ocrx_word' id='word_1_5' title='bbox 439 352 568 435; x_wconf 88' lang='lat' dir='ltr'><strong>dedisti,</strong></span> <span class='ocrx_word' id='word_1_6' title='bbox 598 372 685 420; x_wconf 86' lang='grc'>1111111</span> <span class='ocrx_word' id='word_1_7' title='bbox 713 351 854 433; x_wconf 90' lang='lat' dir='ltr'><strong>demum,</strong></span> <span class='ocrx_word' id='word_1_8' title='bbox 884 351 918 414; x_wconf 93' lang='lat' dir='ltr'><strong>id</strong></span> <span class='ocrx_word' id='word_1_9' title='bbox 945 353 1006 433; x_wconf 91' lang='lat' dir='ltr'><strong>est,</strong></span> <span class='ocrx_word' id='word_1_10' title='bbox 1038 355 1154 437; x_wconf 88' lang='lat' dir='ltr'><strong>quarto</strong></span> <span class='ocrx_word' id='word_1_11' title='bbox 1181 359 1267 436; x_wconf 62' lang='lat' dir='ltr'><strong>pose.</strong></span> 
     </span>
     <span class='ocr_line' id='line_1_3' title="bbox 299 438 1259 525; baseline 0 -19"><span class='ocrx_word' id='word_1_12' title='bbox 299 463 423 525; x_wconf 90' lang='lat' dir='ltr'><strong>mense,</strong></span> <span class='ocrx_word' id='word_1_13' title='bbox 444 439 632 523; x_wconf 75' lang='lat' dir='ltr'><strong>respondeo.</strong></span> <span class='ocrx_word' id='word_1_14' title='bbox 667 438 707 503; x_wconf 85' lang='lat' dir='ltr'><strong>lu</strong></span> <span class='ocrx_word' id='word_1_15' title='bbox 730 460 794 523; x_wconf 94' lang='lat' dir='ltr'><strong>quo</strong></span> <span class='ocrx_word' id='word_1_16' title='bbox 807 441 918 503; x_wconf 88' lang='lat' dir='ltr'><strong>tamen</strong></span> <span class='ocrx_word' id='word_1_17' title='bbox 939 439 1029 503; x_wconf 88' lang='lat' dir='ltr'><strong>nulla</strong></span> <span class='ocrx_word' id='word_1_18' title='bbox 1048 461 1068 503; x_wconf 92' lang='lat' dir='ltr'><strong>a</strong></span> <span class='ocrx_word' id='word_1_19' title='bbox 1086 461 1137 504; x_wconf 94' lang='lat' dir='ltr'><strong>me</strong></span> <span class='ocrx_word' id='word_1_20' title='bbox 1160 443 1259 524; x_wconf 89' lang='lat' dir='ltr'><strong>culpa</strong></span> 
     </span>
     <span class='ocr_line' id='line_1_4' title="bbox 300 525 1258 594; baseline 0 0"><span class='ocrx_word' id='word_1_21' title='bbox 300 531 465 594; x_wconf 84' lang='lat' dir='ltr'><strong>contracta</strong></span> <span class='ocrx_word' id='word_1_22' title='bbox 491 530 548 592; x_wconf 86' lang='lat' dir='ltr'><strong>est.</strong></span> <span class='ocrx_word' id='word_1_23' title='bbox 597 525 693 592; x_wconf 91' lang='lat' dir='ltr'><strong>Nunc</strong></span> <span class='ocrx_word' id='word_1_24' title='bbox 720 525 806 590; x_wconf 89' lang='lat' dir='ltr'><strong>enim</strong></span> <span class='ocrx_word' id='word_1_25' title='bbox 833 547 887 590; x_wconf 91' lang='lat' dir='ltr'><strong>eas</strong></span> <span class='ocrx_word' id='word_1_26' title='bbox 915 547 935 590; x_wconf 88' lang='lat' dir='ltr'><strong>a</strong></span> <span class='ocrx_word' id='word_1_27' title='bbox 962 525 1109 592; x_wconf 79' lang='lat' dir='ltr'><strong>Castorio</strong></span> <span class='ocrx_word' id='word_1_28' title='bbox 1140 533 1258 594; x_wconf 88' lang='lat' dir='ltr'><strong>nostro</strong></span> 
     </span>
     <span class='ocr_line' id='line_1_5' title="bbox 299 614 1257 701; baseline 0.001 -20"><span class='ocrx_word' id='word_1_29' title='bbox 299 617 415 699; x_wconf 87' lang='lat' dir='ltr'><strong>accepi,</strong></span> <span class='ocrx_word' id='word_1_30' title='bbox 437 617 680 700; x_wconf 86' lang='lat' dir='ltr'><strong>eisquemagna</strong></span> <span class='ocrx_word' id='word_1_31' title='bbox 693 635 766 679; x_wconf 91' lang='lat' dir='ltr'><strong>cum</strong></span> <span class='ocrx_word' id='word_1_32' title='bbox 789 614 889 678; x_wconf 90' lang='lat' dir='ltr'><strong>animi</strong></span> <span class='ocrx_word' id='word_1_33' title='bbox 913 615 1076 697; x_wconf 81' lang='lat' dir='ltr'><strong>voluptate</strong></span> <span class='ocrx_word' id='word_1_34' title='bbox 1097 617 1257 701; x_wconf 74' lang='lat' dir='ltr'><strong>perlectis,</strong></span> 
     </span>
     <span class='ocr_line' id='line_1_6' title="bbox 299 702 1257 788; baseline 0.001 -19"><span class='ocrx_word' id='word_1_35' title='bbox 299 705 410 769; x_wconf 87' lang='lat' dir='ltr'><strong>statim</strong></span> <span class='ocrx_word' id='word_1_36' title='bbox 437 725 488 768; x_wconf 91' lang='lat' dir='ltr'><strong>me</strong></span> <span class='ocrx_word' id='word_1_37' title='bbox 516 702 556 767; x_wconf 91' lang='lat' dir='ltr'><strong>ad</strong></span> <span class='ocrx_word' id='word_1_38' title='bbox 583 702 786 767; x_wconf 90' lang='lat' dir='ltr'><strong>scribendum</strong></span> <span class='ocrx_word' id='word_1_39' title='bbox 813 702 948 784; x_wconf 89' lang='lat' dir='ltr'><strong>contuli,</strong></span> <span class='ocrx_word' id='word_1_40' title='bbox 976 705 1013 766; x_wconf 88' lang='lat' dir='ltr'><strong>ut</strong></span> <span class='ocrx_word' id='word_1_41' title='bbox 1034 702 1109 785; x_wconf 91' lang='lat' dir='ltr'><strong>hae,</strong></span> <span class='ocrx_word' id='word_1_42' title='bbox 1137 705 1257 788; x_wconf 89' lang='lat' dir='ltr'><strong>quibus</strong></span> 
     </span>
     <span class='ocr_line' id='line_1_7' title="bbox 298 790 1258 875; baseline 0.001 -19"><span class='ocrx_word' id='word_1_43' title='bbox 298 814 349 856; x_wconf 91' lang='lat' dir='ltr'><strong>me</strong></span> <span class='ocrx_word' id='word_1_44' title='bbox 378 791 463 875; x_wconf 89' lang='lat' dir='ltr'><strong>apud</strong></span> <span class='ocrx_word' id='word_1_45' title='bbox 488 793 521 855; x_wconf 86' lang='lat' dir='ltr'><strong>te</strong></span> <span class='ocrx_word' id='word_1_46' title='bbox 549 790 638 855; x_wconf 91' lang='lat' dir='ltr'><strong>omni</strong></span> <span class='ocrx_word' id='word_1_47' title='bbox 669 790 850 873; x_wconf 81' lang='lat' dir='ltr'><strong>suspicione</strong></span> <span class='ocrx_word' id='word_1_48' title='bbox 881 790 1090 873; x_wconf 81' lang='lat' dir='ltr'><strong>exsolverem,</strong></span> <span class='ocrx_word' id='word_1_49' title='bbox 1121 797 1258 874; x_wconf 89' lang='lat' dir='ltr'><strong>paratae</strong></span> 
     </span>
     <span class='ocr_line' id='line_1_8' title="bbox 298 876 1255 962; baseline 0.002 -20"><span class='ocrx_word' id='word_1_50' title='bbox 298 885 415 962; x_wconf 86' lang='lat' dir='ltr'><strong>essent,</strong></span> <span class='ocrx_word' id='word_1_51' title='bbox 438 879 534 944; x_wconf 89' lang='lat' dir='ltr'><strong>simul</strong></span> <span class='ocrx_word' id='word_1_52' title='bbox 556 881 653 962; x_wconf 87' lang='lat' dir='ltr'><strong>atque</strong></span> <span class='ocrx_word' id='word_1_53' title='bbox 677 881 762 942; x_wconf 89' lang='lat' dir='ltr'><strong>esset</strong></span> <span class='ocrx_word' id='word_1_54' title='bbox 783 877 835 942; x_wconf 89' lang='lat' dir='ltr'><strong>cui</strong></span> <span class='ocrx_word' id='word_1_55' title='bbox 857 876 974 942; x_wconf 89' lang='lat' dir='ltr'><strong>darem.</strong></span> <span class='ocrx_word' id='word_1_56' title='bbox 1012 877 1105 954; x_wconf 81' lang='lat' dir='ltr'><strong>Quod</strong></span> <span class='ocrx_word' id='word_1_57' title='bbox 1126 900 1255 944; x_wconf 87' lang='lat' dir='ltr'><strong>conser-</strong></span> 
     </span>
     <span class='ocr_line' id='line_1_9' title="bbox 298 965 1255 1049; baseline 0.001 -17"><span class='ocrx_word' id='word_1_58' title='bbox 298 990 354 1034; x_wconf 86' lang='lat' dir='ltr'><strong>vas</strong></span> <span class='ocrx_word' id='word_1_59' title='bbox 376 967 564 1032; x_wconf 83' lang='lat' dir='ltr'><strong>memoriam</strong></span> <span class='ocrx_word' id='word_1_60' title='bbox 591 966 654 1030; x_wconf 87' lang='lat' dir='ltr'><strong>mei</strong></span> <span class='ocrx_word' id='word_1_61' title='bbox 680 965 844 1049; x_wconf 86' lang='lat' dir='ltr'><strong>amiceque</strong></span> <span class='ocrx_word' id='word_1_62' title='bbox 872 965 910 1029; x_wconf 91' lang='lat' dir='ltr'><strong>de</strong></span> <span class='ocrx_word' id='word_1_63' title='bbox 937 987 1002 1048; x_wconf 90' lang='lat' dir='ltr'><strong>me,</strong></span> <span class='ocrx_word' id='word_1_64' title='bbox 1029 987 1102 1030; x_wconf 90' lang='lat' dir='ltr'><strong>cum</strong></span> <span class='ocrx_word' id='word_1_65' title='bbox 1126 970 1255 1033; x_wconf 76' lang='lat' dir='ltr'><strong>occasio</strong></span> 
     </span>
     <span class='ocr_line' id='line_1_10' title="bbox 298 1052 1255 1141; baseline 0.003 -22"><span class='ocrx_word' id='word_1_66' title='bbox 298 1062 356 1140; x_wconf 87' lang='lat' dir='ltr'><strong>est,</strong></span> <span class='ocrx_word' id='word_1_67' title='bbox 378 1055 528 1141; x_wconf 89' lang='lat' dir='ltr'><strong>loqueris,</strong></span> <span class='ocrx_word' id='word_1_68' title='bbox 550 1054 689 1138; x_wconf 82' lang='lat' dir='ltr'><strong>gratiam</strong></span> <span class='ocrx_word' id='word_1_69' title='bbox 710 1053 823 1118; x_wconf 90' lang='lat' dir='ltr'><strong>habeo.</strong></span> <span class='ocrx_word' id='word_1_70' title='bbox 863 1052 936 1137; x_wconf 82' lang='lat' dir='ltr'><strong>Ego</strong></span> <span class='ocrx_word' id='word_1_71' title='bbox 960 1075 1087 1138; x_wconf 89' lang='lat' dir='ltr'><strong>quoque</strong></span> <span class='ocrx_word' id='word_1_72' title='bbox 1108 1057 1150 1138; x_wconf 89' lang='lat' dir='ltr'><strong>te,</strong></span> <span class='ocrx_word' id='word_1_73' title='bbox 1172 1056 1255 1122; x_wconf 90' lang='lat' dir='ltr'><strong>mihi</strong></span> 
     </span>
     <span class='ocr_line' id='line_1_11' title="bbox 298 1140 1254 1228; baseline 0 -20"><span class='ocrx_word' id='word_1_74' title='bbox 298 1144 403 1227; x_wconf 87' lang='lat' dir='ltr'><strong>crede,</strong></span> <span class='ocrx_word' id='word_1_75' title='bbox 429 1143 523 1208; x_wconf 92' lang='lat' dir='ltr'><strong>unice</strong></span> <span class='ocrx_word' id='word_1_76' title='bbox 546 1163 633 1224; x_wconf 88' lang='lat' dir='ltr'><strong>amo,</strong></span> <span class='ocrx_word' id='word_1_77' title='bbox 662 1162 766 1226; x_wconf 89' lang='lat' dir='ltr'><strong>neque</strong></span> <span class='ocrx_word' id='word_1_78' title='bbox 788 1140 963 1224; x_wconf 89' lang='lat' dir='ltr'><strong>quidquam</strong></span> <span class='ocrx_word' id='word_1_79' title='bbox 985 1144 1048 1224; x_wconf 87' lang='lat' dir='ltr'><strong>est,</strong></span> <span class='ocrx_word' id='word_1_80' title='bbox 1076 1143 1161 1226; x_wconf 93' lang='lat' dir='ltr'><strong>quod</strong></span> <span class='ocrx_word' id='word_1_81' title='bbox 1184 1145 1254 1228; x_wconf 92' lang='lat' dir='ltr'><strong>qui-</strong></span> 
     </span>
     <span class='ocr_line' id='line_1_12' title="bbox 298 1227 1255 1314; baseline -0.001 -17"><span class='ocrx_word' id='word_1_82' title='bbox 298 1232 370 1297; x_wconf 90' lang='lat' dir='ltr'><strong>dem</strong></span> <span class='ocrx_word' id='word_1_83' title='bbox 394 1253 413 1294; x_wconf 91' lang='lat' dir='ltr'><strong>a</strong></span> <span class='ocrx_word' id='word_1_84' title='bbox 436 1251 487 1294; x_wconf 90' lang='lat' dir='ltr'><strong>me</strong></span> <span class='ocrx_word' id='word_1_85' title='bbox 509 1229 666 1313; x_wconf 88' lang='lat' dir='ltr'><strong>praestari</strong></span> <span class='ocrx_word' id='word_1_86' title='bbox 689 1232 798 1314; x_wconf 88' lang='lat' dir='ltr'><strong>queat,</strong></span> <span class='ocrx_word' id='word_1_87' title='bbox 821 1229 899 1313; x_wconf 90' lang='lat' dir='ltr'><strong>quin</strong></span> <span class='ocrx_word' id='word_1_88' title='bbox 922 1248 982 1312; x_wconf 78' lang='lat' dir='ltr'><strong>ego</strong></span> <span class='ocrx_word' id='word_1_89' title='bbox 1004 1227 1038 1293; x_wconf 93' lang='lat' dir='ltr'><strong>id</strong></span> <span class='ocrx_word' id='word_1_90' title='bbox 1055 1229 1194 1295; x_wconf 88' lang='lat' dir='ltr'><strong>libenter</strong></span> <span class='ocrx_word' id='word_1_91' title='bbox 1217 1254 1255 1296; x_wconf 90' lang='lat' dir='ltr'><strong>ac</strong></span> 
     </span>
     <span class='ocr_line' id='line_1_13' title="bbox 298 1315 1255 1401; baseline 0.002 -18"><span class='ocrx_word' id='word_1_92' title='bbox 298 1318 410 1401; x_wconf 88' lang='lat' dir='ltr'><strong>cupide</strong></span> <span class='ocrx_word' id='word_1_93' title='bbox 434 1318 532 1381; x_wconf 88' lang='lat' dir='ltr'><strong>etiam</strong></span> <span class='ocrx_word' id='word_1_94' title='bbox 554 1338 668 1381; x_wconf 86' lang='lat' dir='ltr'><strong>caussa</strong></span> <span class='ocrx_word' id='word_1_95' title='bbox 694 1319 751 1380; x_wconf 91' lang='lat' dir='ltr'><strong>tua</strong></span> <span class='ocrx_word' id='word_1_96' title='bbox 777 1316 919 1382; x_wconf 81' lang='lat' dir='ltr'><strong>facturus</strong></span> <span class='ocrx_word' id='word_1_97' title='bbox 942 1315 1013 1381; x_wconf 90' lang='lat' dir='ltr'><strong>sim.</strong></span> <span class='ocrx_word' id='word_1_98' title='bbox 1057 1316 1168 1383; x_wconf 84' lang='lat' dir='ltr'><strong>Debeo</strong></span> <span class='ocrx_word' id='word_1_99' title='bbox 1191 1319 1255 1385; x_wconf 90' lang='lat' dir='ltr'><strong>hoo</strong></span> 
     </span>
     <span class='ocr_line' id='line_1_14' title="bbox 297 1403 1255 1490; baseline 0.002 -20"><span class='ocrx_word' id='word_1_100' title='bbox 297 1406 409 1470; x_wconf 86' lang='lat' dir='ltr'><strong>virtuti</strong></span> <span class='ocrx_word' id='word_1_101' title='bbox 438 1408 472 1470; x_wconf 89' lang='lat' dir='ltr'><strong>et</strong></span> <span class='ocrx_word' id='word_1_102' title='bbox 499 1404 672 1470; x_wconf 82' lang='lat' dir='ltr'><strong>eruditioni</strong></span> <span class='ocrx_word' id='word_1_103' title='bbox 700 1408 789 1486; x_wconf 88' lang='lat' dir='ltr'><strong>tuae,</strong></span> <span class='ocrx_word' id='word_1_104' title='bbox 818 1403 919 1468; x_wconf 90' lang='lat' dir='ltr'><strong>debeo</strong></span> <span class='ocrx_word' id='word_1_105' title='bbox 951 1404 1053 1471; x_wconf 87' lang='lat' dir='ltr'><strong>amori</strong></span> <span class='ocrx_word' id='word_1_106' title='bbox 1084 1425 1163 1490; x_wconf 83' lang='lat' dir='ltr'><strong>erga</strong></span> <span class='ocrx_word' id='word_1_107' title='bbox 1191 1429 1255 1490; x_wconf 89' lang='lat' dir='ltr'><strong>me,</strong></span> 
     </span>
     <span class='ocr_line' id='line_1_15' title="bbox 298 1491 1252 1580; baseline 0 -22"><span class='ocrx_word' id='word_1_108' title='bbox 298 1516 393 1580; x_wconf 90' lang='lat' dir='ltr'><strong>quem</strong></span> <span class='ocrx_word' id='word_1_109' title='bbox 419 1494 455 1560; x_wconf 90' lang='lat' dir='ltr'><strong>in</strong></span> <span class='ocrx_word' id='word_1_110' title='bbox 481 1496 514 1557; x_wconf 83' lang='grc'><strong>11</strong></span> <span class='ocrx_word' id='word_1_111' title='bbox 541 1491 621 1556; x_wconf 89' lang='lat' dir='ltr'><strong>mihi</strong></span> <span class='ocrx_word' id='word_1_112' title='bbox 651 1492 851 1576; x_wconf 85' lang='lat' dir='ltr'><strong>perspexisse</strong></span> <span class='ocrx_word' id='word_1_113' title='bbox 880 1492 989 1557; x_wconf 78' lang='lat' dir='ltr'><strong>videor</strong></span> <span class='ocrx_word' id='word_1_114' title='bbox 1015 1514 1115 1576; x_wconf 90' lang='lat' dir='ltr'><strong>prope</strong></span> <span class='ocrx_word' id='word_1_115' title='bbox 1143 1494 1252 1579; x_wconf 84' lang='lat' dir='ltr'><strong>siugu-</strong></span> 
     </span>
     <span class='ocr_line' id='line_1_16' title="bbox 297 1580 1252 1665; baseline 0.002 -19"><span class='ocrx_word' id='word_1_116' title='bbox 297 1583 406 1646; x_wconf 84' lang='lat' dir='ltr'><strong>larem.</strong></span> <span class='ocrx_word' id='word_1_117' title='bbox 461 1580 554 1657; x_wconf 84' lang='lat' dir='ltr'><strong>Quod</strong></span> <span class='ocrx_word' id='word_1_118' title='bbox 586 1583 693 1644; x_wconf 88' lang='lat' dir='ltr'><strong>autem</strong></span> <span class='ocrx_word' id='word_1_119' title='bbox 725 1580 822 1645; x_wconf 90' lang='lat' dir='ltr'><strong>etiam</strong></span> <span class='ocrx_word' id='word_1_120' title='bbox 853 1580 1065 1650; x_wconf 84' lang='lat' dir='ltr'><strong>clarissimum</strong></span> <span class='ocrx_word' id='word_1_121' title='bbox 1095 1602 1133 1646; x_wconf 83' lang='lat' dir='ltr'><strong>ac</strong></span> <span class='ocrx_word' id='word_1_122' title='bbox 1160 1605 1252 1665; x_wconf 90' lang='lat' dir='ltr'><strong>prae·</strong></span> 
     </span>
     <span class='ocr_line' id='line_1_17' title="bbox 299 1667 1252 1752; baseline 0.001 -18"><span class='ocrx_word' id='word_1_123' title='bbox 299 1671 534 1736; x_wconf 66' lang='lat' dir='ltr'><strong>sterilissimum</strong></span> <span class='ocrx_word' id='word_1_124' title='bbox 556 1668 667 1751; x_wconf 84' lang='lat' dir='ltr'><strong>virum,</strong></span> <span class='ocrx_word' id='word_1_125' title='bbox 690 1668 975 1752; x_wconf 87' lang='lat' dir='ltr'><strong>Archiepiscopum</strong></span> <span class='ocrx_word' id='word_1_126' title='bbox 997 1667 1252 1750; x_wconf 85' lang='lat' dir='ltr'><strong>Narbonensem,</strong></span> 
     </span>
     <span class='ocr_line' id='line_1_18' title="bbox 297 1756 1252 1844; baseline -0.001 -21"><span class='ocrx_word' id='word_1_127' title='bbox 297 1779 398 1844; x_wconf 91' lang='lat' dir='ltr'><strong>usque</strong></span> <span class='ocrx_word' id='word_1_128' title='bbox 422 1779 459 1822; x_wconf 91' lang='grc'><strong>11</strong></span> <span class='ocrx_word' id='word_1_129' title='bbox 483 1757 621 1822; x_wconf 89' lang='lat' dir='ltr'><strong>amicum</strong></span> <span class='ocrx_word' id='word_1_130' title='bbox 647 1778 717 1820; x_wconf 92' lang='lat' dir='ltr'><strong>esse</strong></span> <span class='ocrx_word' id='word_1_131' title='bbox 746 1756 871 1834; x_wconf 90' lang='lat' dir='ltr'><strong>scribis,</strong></span> <span class='ocrx_word' id='word_1_132' title='bbox 898 1759 935 1824; x_wconf 89' lang='lat' dir='ltr'><strong>ut</strong></span> <span class='ocrx_word' id='word_1_133' title='bbox 961 1756 1000 1820; x_wconf 92' lang='lat' dir='ltr'><strong>de</strong></span> <span class='ocrx_word' id='word_1_134' title='bbox 1028 1778 1093 1840; x_wconf 89' lang='lat' dir='ltr'><strong>me,</strong></span> <span class='ocrx_word' id='word_1_135' title='bbox 1120 1757 1252 1824; x_wconf 91' lang='lat' dir='ltr'><strong>homine</strong></span> 
     </span>
     <span class='ocr_line' id='line_1_19' title="bbox 297 1843 1253 1927; baseline 0 -17"><span class='ocrx_word' id='word_1_136' title='bbox 297 1847 387 1910; x_wconf 91' lang='lat' dir='ltr'><strong>tenui</strong></span> <span class='ocrx_word' id='word_1_137' title='bbox 415 1849 447 1909; x_wconf 88' lang='lat' dir='ltr'><strong>et</strong></span> <span class='ocrx_word' id='word_1_138' title='bbox 473 1845 602 1908; x_wconf 90' lang='lat' dir='ltr'><strong>infimae</strong></span> <span class='ocrx_word' id='word_1_139' title='bbox 630 1844 738 1927; x_wconf 89' lang='lat' dir='ltr'><strong>sortis,</strong></span> <span class='ocrx_word' id='word_1_140' title='bbox 769 1847 879 1909; x_wconf 88' lang='lat' dir='ltr'><strong>tantus</strong></span> <span class='ocrx_word' id='word_1_141' title='bbox 911 1843 960 1908; x_wconf 89' lang='lat' dir='ltr'><strong>vir</strong></span> <span class='ocrx_word' id='word_1_142' title='bbox 986 1846 1019 1908; x_wconf 88' lang='lat' dir='ltr'><strong>et</strong></span> <span class='ocrx_word' id='word_1_143' title='bbox 1046 1849 1193 1910; x_wconf 87' lang='lat' dir='ltr'><strong>amanter</strong></span> <span class='ocrx_word' id='word_1_144' title='bbox 1220 1859 1253 1910; x_wconf 84' lang='lat' dir='ltr'><strong>et</strong></span> 
     </span>
     <span class='ocr_line' id='line_1_20' title="bbox 297 1931 1251 2016; baseline 0 -17"><span class='ocrx_word' id='word_1_145' title='bbox 297 1934 471 2002; x_wconf 89' lang='lat' dir='ltr'><strong>honorifice</strong></span> <span class='ocrx_word' id='word_1_146' title='bbox 493 1933 657 2016; x_wconf 77' lang='lat' dir='ltr'><strong>loquebar:</strong></span> <span class='ocrx_word' id='word_1_147' title='bbox 680 1953 745 2016; x_wconf 91' lang='lat' dir='ltr'><strong>qua</strong></span> <span class='ocrx_word' id='word_1_148' title='bbox 766 1953 817 1996; x_wconf 89' lang='lat' dir='ltr'><strong>me</strong></span> <span class='ocrx_word' id='word_1_149' title='bbox 839 1931 962 1996; x_wconf 83' lang='lat' dir='ltr'><strong>laetitia</strong></span> <span class='ocrx_word' id='word_1_150' title='bbox 989 1933 1113 1997; x_wconf 87' lang='lat' dir='ltr'><strong>existo</strong></span> <span class='ocrx_word' id='word_1_151' title='bbox 1135 1935 1251 2000; x_wconf 90' lang='lat' dir='ltr'><strong>nuntio</strong></span> 
     </span>
     <span class='ocr_line' id='line_1_21' title="bbox 298 2019 1255 2106; baseline 0 -20"><span class='ocrx_word' id='word_1_152' title='bbox 298 2043 367 2086; x_wconf 89' lang='lat' dir='ltr'><strong>esse</strong></span> <span class='ocrx_word' id='word_1_153' title='bbox 391 2021 543 2086; x_wconf 76' lang='lat' dir='ltr'><strong>affectum</strong></span> <span class='ocrx_word' id='word_1_154' title='bbox 565 2020 684 2104; x_wconf 84' lang='lat' dir='ltr'><strong>putas?</strong></span> <span class='ocrx_word' id='word_1_155' title='bbox 715 2019 813 2085; x_wconf 80' lang='lat' dir='ltr'><strong>Cuius</strong></span> <span class='ocrx_word' id='word_1_156' title='bbox 838 2023 874 2084; x_wconf 88' lang='lat' dir='ltr'><strong>tu</strong></span> <span class='ocrx_word' id='word_1_157' title='bbox 897 2020 1043 2104; x_wconf 81' lang='lat' dir='ltr'><strong>gratiam,</strong></span> <span class='ocrx_word' id='word_1_158' title='bbox 1067 2041 1186 2104; x_wconf 84' lang='lat' dir='ltr'><strong>quaeso</strong></span> <span class='ocrx_word' id='word_1_159' title='bbox 1209 2025 1255 2106; x_wconf 89' lang='lat' dir='ltr'><strong>te,</strong></span> 
     </span>
     <span class='ocr_line' id='line_1_22' title="bbox 297 2108 1254 2191; baseline 0.002 -17"><span class='ocrx_word' id='word_1_160' title='bbox 297 2109 436 2174; x_wconf 83' lang='lat' dir='ltr'><strong>Martius</strong></span> <span class='ocrx_word' id='word_1_161' title='bbox 459 2109 513 2191; x_wconf 90' lang='lat' dir='ltr'><strong>mi,</strong></span> <span class='ocrx_word' id='word_1_162' title='bbox 536 2109 624 2174; x_wconf 90' lang='lat' dir='ltr'><strong>omni</strong></span> <span class='ocrx_word' id='word_1_163' title='bbox 644 2108 724 2172; x_wconf 87' lang='lat' dir='ltr'><strong>mihi</strong></span> <span class='ocrx_word' id='word_1_164' title='bbox 745 2109 870 2173; x_wconf 83' lang='lat' dir='ltr'><strong>ratione</strong></span> <span class='ocrx_word' id='word_1_165' title='bbox 884 2128 1045 2190; x_wconf 81' lang='lat' dir='ltr'><strong>conserva,</strong></span> <span class='ocrx_word' id='word_1_166' title='bbox 1068 2109 1159 2191; x_wconf 87' lang='lat' dir='ltr'><strong>eique</strong></span> <span class='ocrx_word' id='word_1_167' title='bbox 1177 2131 1254 2176; x_wconf 88' lang='lat' dir='ltr'><strong>meo</strong></span> 
     </span>
     <span class='ocr_line' id='line_1_23' title="bbox 297 2195 1252 2281; baseline -0.002 -17"><span class='ocrx_word' id='word_1_168' title='bbox 297 2198 427 2264; x_wconf 90' lang='lat' dir='ltr'><strong>nomine</strong></span> <span class='ocrx_word' id='word_1_169' title='bbox 450 2197 608 2280; x_wconf 86' lang='lat' dir='ltr'><strong>pollicere,</strong></span> <span class='ocrx_word' id='word_1_170' title='bbox 630 2217 682 2260; x_wconf 92' lang='lat' dir='ltr'><strong>me</strong></span> <span class='ocrx_word' id='word_1_171' title='bbox 705 2195 902 2280; x_wconf 82' lang='lat' dir='ltr'><strong>ecquidem,</strong></span> <span class='ocrx_word' id='word_1_172' title='bbox 926 2217 1007 2280; x_wconf 85' lang='lat' dir='ltr'><strong>quae</strong></span> <span class='ocrx_word' id='word_1_173' title='bbox 1030 2199 1106 2260; x_wconf 90' lang='lat' dir='ltr'><strong>sunt</strong></span> <span class='ocrx_word' id='word_1_174' title='bbox 1127 2196 1252 2281; x_wconf 80' lang='lat' dir='ltr'><strong>ingenii</strong></span> 
     </span>
     <span class='ocr_line' id='line_1_24' title="bbox 298 2282 1252 2366; baseline -0.001 -16"><span class='ocrx_word' id='word_1_175' title='bbox 298 2290 331 2350; x_wconf 87' lang='lat' dir='ltr'><strong>et</strong></span> <span class='ocrx_word' id='word_1_176' title='bbox 353 2285 541 2350; x_wconf 87' lang='lat' dir='ltr'><strong>emditionis</strong></span> <span class='ocrx_word' id='word_1_177' title='bbox 564 2283 687 2347; x_wconf 89' lang='lat' dir='ltr'><strong>eteius</strong></span> <span class='ocrx_word' id='word_1_178' title='bbox 710 2283 836 2366; x_wconf 78' lang='lat' dir='ltr'><strong>generis</strong></span> <span class='ocrx_word' id='word_1_179' title='bbox 859 2282 1004 2366; x_wconf 91' lang='lat' dir='ltr'><strong>laudum,</strong></span> <span class='ocrx_word' id='word_1_180' title='bbox 1031 2283 1119 2348; x_wconf 90' lang='lat' dir='ltr'><strong>nolle</strong></span> <span class='ocrx_word' id='word_1_181' title='bbox 1141 2284 1176 2348; x_wconf 90' lang='lat' dir='ltr'><strong>in</strong></span> <span class='ocrx_word' id='word_1_182' title='bbox 1198 2307 1252 2350; x_wconf 88' lang='lat' dir='ltr'><strong>me</strong></span> 
     </span>
     <span class='ocr_line' id='line_1_25' title="bbox 297 2370 1251 2456; baseline 0.001 -19"><span class='ocrx_word' id='word_1_183' title='bbox 297 2374 446 2456; x_wconf 87' lang='lat' dir='ltr'><strong>recipere,</strong></span> <span class='ocrx_word' id='word_1_184' title='bbox 468 2392 571 2456; x_wconf 91' lang='lat' dir='ltr'><strong>neque</strong></span> <span class='ocrx_word' id='word_1_185' title='bbox 595 2391 633 2434; x_wconf 87' lang='lat' dir='ltr'><strong>ea</strong></span> <span class='ocrx_word' id='word_1_186' title='bbox 646 2391 760 2434; x_wconf 87' lang='lat' dir='ltr'><strong>caussa</strong></span> <span class='ocrx_word' id='word_1_187' title='bbox 780 2370 896 2436; x_wconf 87' lang='lat' dir='ltr'><strong>teneri:</strong></span> <span class='ocrx_word' id='word_1_188' title='bbox 920 2373 1003 2436; x_wconf 85' lang='lat' dir='ltr'><strong>certe</strong></span> <span class='ocrx_word' id='word_1_189' title='bbox 1018 2370 1154 2454; x_wconf 91' lang='lat' dir='ltr'><strong>quidem,</strong></span> <span class='ocrx_word' id='word_1_190' title='bbox 1168 2394 1251 2456; x_wconf 85' lang='lat' dir='ltr'><strong>quae</strong></span> 
     </span>
     <span class='ocr_line' id='line_1_26' title="bbox 298 2457 1253 2542; baseline 0.001 -18"><span class='ocrx_word' id='word_1_191' title='bbox 298 2461 336 2524; x_wconf 91' lang='lat' dir='ltr'><strong>de</strong></span> <span class='ocrx_word' id='word_1_192' title='bbox 358 2481 430 2523; x_wconf 90' lang='lat' dir='ltr'><strong>meo</strong></span> <span class='ocrx_word' id='word_1_193' title='bbox 454 2478 531 2542; x_wconf 79' lang='lat' dir='ltr'><strong>erga</strong></span> <span class='ocrx_word' id='word_1_194' title='bbox 545 2457 735 2522; x_wconf 78' lang='lat' dir='ltr'><strong>catholicam</strong></span> <span class='ocrx_word' id='word_1_195' title='bbox 748 2457 937 2542; x_wconf 83' lang='lat' dir='ltr'><strong>religionem</strong></span> <span class='ocrx_word' id='word_1_196' title='bbox 950 2459 1067 2542; x_wconf 87' lang='lat' dir='ltr'><strong>auimo,</strong></span> <span class='ocrx_word' id='word_1_197' title='bbox 1090 2459 1129 2523; x_wconf 94' lang='lat' dir='ltr'><strong>de</strong></span> <span class='ocrx_word' id='word_1_198' title='bbox 1143 2461 1253 2526; x_wconf 89' lang='lat' dir='ltr'><strong>studio</strong></span> 
     </span>
     <span class='ocr_line' id='line_1_27' title="bbox 298 2545 1252 2632; baseline 0.002 -22"><span class='ocrx_word' id='word_1_199' title='bbox 298 2547 379 2610; x_wconf 90' lang='lat' dir='ltr'><strong>bene</strong></span> <span class='ocrx_word' id='word_1_200' title='bbox 410 2545 553 2609; x_wconf 91' lang='lat' dir='ltr'><strong>merendi</strong></span> <span class='ocrx_word' id='word_1_201' title='bbox 589 2548 746 2629; x_wconf 91' lang='lat' dir='ltr'><strong>quantum</strong></span> <span class='ocrx_word' id='word_1_202' title='bbox 776 2545 811 2610; x_wconf 86' lang='lat' dir='ltr'><strong>in</strong></span> <span class='ocrx_word' id='word_1_203' title='bbox 842 2567 893 2610; x_wconf 92' lang='lat' dir='ltr'><strong>me</strong></span> <span class='ocrx_word' id='word_1_204' title='bbox 925 2545 986 2610; x_wconf 89' lang='lat' dir='ltr'><strong>erit</strong></span> <span class='ocrx_word' id='word_1_205' title='bbox 1018 2546 1056 2610; x_wconf 94' lang='lat' dir='ltr'><strong>de</strong></span> <span class='ocrx_word' id='word_1_206' title='bbox 1090 2547 1252 2632; x_wconf 89' lang='lat' dir='ltr'><strong>omnibus,</strong></span> 
     </span>
     <span class='ocr_line' id='line_1_28' title="bbox 298 2632 1250 2719; baseline 0.002 -21"><span class='ocrx_word' id='word_1_207' title='bbox 298 2634 431 2717; x_wconf 87' lang='lat' dir='ltr'><strong>aliisque</strong></span> <span class='ocrx_word' id='word_1_208' title='bbox 455 2632 609 2696; x_wconf 89' lang='lat' dir='ltr'><strong>eiusmodi</strong></span> <span class='ocrx_word' id='word_1_209' title='bbox 627 2632 810 2716; x_wconf 87' lang='lat' dir='ltr'><strong>praedicare</strong></span> <span class='ocrx_word' id='word_1_210' title='bbox 829 2633 1022 2718; x_wconf 81' lang='lat' dir='ltr'><strong>dignabitur,</strong></span> <span class='ocrx_word' id='word_1_211' title='bbox 1045 2655 1083 2698; x_wconf 89' lang='lat' dir='ltr'><strong>ea</strong></span> <span class='ocrx_word' id='word_1_212' title='bbox 1104 2656 1156 2699; x_wconf 89' lang='lat' dir='ltr'><strong>me</strong></span> <span class='ocrx_word' id='word_1_213' title='bbox 1178 2657 1250 2719; x_wconf 90' lang='lat' dir='ltr'><strong>per-</strong></span> 
     </span>
     <span class='ocr_line' id='line_1_29' title="bbox 297 2719 1251 2805; baseline 0.003 -20"><span class='ocrx_word' id='word_1_214' title='bbox 297 2724 407 2805; x_wconf 88' lang='lat' dir='ltr'><strong>petuo,</strong></span> <span class='ocrx_word' id='word_1_215' title='bbox 439 2742 512 2785; x_wconf 92' lang='lat' dir='ltr'><strong>cum</strong></span> <span class='ocrx_word' id='word_1_216' title='bbox 543 2719 613 2785; x_wconf 87' lang='lat' dir='ltr'><strong>Deo</strong></span> <span class='ocrx_word' id='word_1_217' title='bbox 644 2721 785 2804; x_wconf 82' lang='lat' dir='ltr'><strong>volente,</strong></span> <span class='ocrx_word' id='word_1_218' title='bbox 820 2721 980 2786; x_wconf 86' lang='lat' dir='ltr'><strong>cumulate</strong></span> <span class='ocrx_word' id='word_1_219' title='bbox 1010 2722 1251 2805; x_wconf 87' lang='lat' dir='ltr'><strong>praestiturum.</strong></span> 
     </span>
     <span class='ocr_line' id='line_1_30' title="bbox 296 2807 1251 2894; baseline 0.003 -21"><span class='ocrx_word' id='word_1_220' title='bbox 296 2809 460 2874; x_wconf 90' lang='lat' dir='ltr'><strong>Puteanus</strong></span> <span class='ocrx_word' id='word_1_221' title='bbox 482 2809 547 2872; x_wconf 92' lang='lat' dir='ltr'><strong>iam</strong></span> <span class='ocrx_word' id='word_1_222' title='bbox 572 2807 698 2894; x_wconf 89' lang='lat' dir='ltr'><strong>pridem</strong></span> <span class='ocrx_word' id='word_1_223' title='bbox 724 2808 819 2874; x_wconf 90' lang='lat' dir='ltr'><strong>desiit</strong></span> <span class='ocrx_word' id='word_1_224' title='bbox 846 2809 887 2873; x_wconf 88' lang='lat' dir='ltr'><strong>ad</strong></span> <span class='ocrx_word' id='word_1_225' title='bbox 909 2829 960 2874; x_wconf 91' lang='lat' dir='ltr'><strong>me</strong></span> <span class='ocrx_word' id='word_1_226' title='bbox 983 2810 1134 2874; x_wconf 88' lang='lat' dir='ltr'><strong>scribere:</strong></span> <span class='ocrx_word' id='word_1_227' title='bbox 1165 2812 1251 2894; x_wconf 91' lang='lat' dir='ltr'><strong>quod</strong></span> 
     </span>
     <span class='ocr_line' id='line_1_31' title="bbox 297 2897 1250 2983; baseline 0.001 -21"><span class='ocrx_word' id='word_1_228' title='bbox 297 2918 371 2983; x_wconf 82' lang='lat' dir='ltr'><strong>eg0‚</strong></span> <span class='ocrx_word' id='word_1_229' title='bbox 401 2898 477 2961; x_wconf 91' lang='lat' dir='ltr'><strong>dum</strong></span> <span class='ocrx_word' id='word_1_230' title='bbox 506 2917 557 2961; x_wconf 90' lang='lat' dir='ltr'><strong>me</strong></span> <span class='ocrx_word' id='word_1_231' title='bbox 585 2918 691 2960; x_wconf 91' lang='lat' dir='ltr'><strong>amare</strong></span> <span class='ocrx_word' id='word_1_232' title='bbox 716 2900 844 2982; x_wconf 86' lang='lat' dir='ltr'><strong>pergat,</strong></span> <span class='ocrx_word' id='word_1_233' title='bbox 877 2917 978 2981; x_wconf 84' lang='lat' dir='ltr'><strong>aequo</strong></span> <span class='ocrx_word' id='word_1_234' title='bbox 1008 2897 1117 2962; x_wconf 89' lang='lat' dir='ltr'><strong>animo</strong></span> <span class='ocrx_word' id='word_1_235' title='bbox 1139 2898 1250 2963; x_wconf 83' lang='lat' dir='ltr'><strong>feram.</strong></span> 
     </span>
     <span class='ocr_line' id='line_1_32' title="bbox 297 2984 1250 3070; baseline 0 -20"><span class='ocrx_word' id='word_1_236' title='bbox 297 2984 388 3050; x_wconf 91' lang='lat' dir='ltr'><strong>Nihil</strong></span> <span class='ocrx_word' id='word_1_237' title='bbox 411 2985 498 3052; x_wconf 89' lang='lat' dir='ltr'><strong>enim</strong></span> <span class='ocrx_word' id='word_1_238' title='bbox 521 2985 562 3050; x_wconf 88' lang='lat' dir='ltr'><strong>ab</strong></span> <span class='ocrx_word' id='word_1_239' title='bbox 586 2984 710 3067; x_wconf 90' lang='lat' dir='ltr'><strong>amicis,</strong></span> <span class='ocrx_word' id='word_1_240' title='bbox 736 2984 801 3050; x_wconf 89' lang='lat' dir='ltr'><strong>nisi</strong></span> <span class='ocrx_word' id='word_1_241' title='bbox 823 2985 991 3050; x_wconf 88' lang='lat' dir='ltr'><strong>commodo</strong></span> <span class='ocrx_word' id='word_1_242' title='bbox 1013 2984 1170 3068; x_wconf 89' lang='lat' dir='ltr'><strong>ipsorum,</strong></span> <span class='ocrx_word' id='word_1_243' title='bbox 1193 3009 1250 3070; x_wconf 91' lang='lat' dir='ltr'><strong>po-</strong></span> 
     </span>
     <span class='ocr_line' id='line_1_33' title="bbox 298 3072 1252 3157; baseline -0.002 -19"><span class='ocrx_word' id='word_1_244' title='bbox 298 3075 390 3139; x_wconf 84' lang='lat' dir='ltr'><strong>stulo.</strong></span> <span class='ocrx_word' id='word_1_245' title='bbox 435 3073 532 3138; x_wconf 91' lang='lat' dir='ltr'><strong>Illum</strong></span> <span class='ocrx_word' id='word_1_246' title='bbox 554 3072 720 3138; x_wconf 90' lang='lat' dir='ltr'><strong>Musarum</strong></span> <span class='ocrx_word' id='word_1_247' title='bbox 741 3073 888 3156; x_wconf 88' lang='lat' dir='ltr'><strong>chorum,</strong></span> <span class='ocrx_word' id='word_1_248' title='bbox 916 3093 1011 3157; x_wconf 89' lang='lat' dir='ltr'><strong>quem</strong></span> <span class='ocrx_word' id='word_1_249' title='bbox 1039 3073 1155 3138; x_wconf 87' lang='lat' dir='ltr'><strong>litteris</strong></span> <span class='ocrx_word' id='word_1_250' title='bbox 1185 3075 1252 3138; x_wconf 88' lang='lat' dir='ltr'><strong>tuis</strong></span> 
     </span>
     <span class='ocr_line' id='line_1_34' title="bbox 297 3156 1250 3245; baseline 0.001 -21"><span class='ocrx_word' id='word_1_251' title='bbox 297 3162 480 3245; x_wconf 85' lang='lat' dir='ltr'><strong>complexus</strong></span> <span class='ocrx_word' id='word_1_252' title='bbox 507 3182 555 3242; x_wconf 91' lang='lat' dir='ltr'><strong>es,</strong></span> <span class='ocrx_word' id='word_1_253' title='bbox 585 3156 646 3224; x_wconf 80' lang='grc' dir='ltr'><strong>τὸν</strong></span> <span class='ocrx_word' id='word_1_254' title='bbox 675 3159 884 3244; x_wconf 79' lang='grc' dir='ltr'><strong><em>μουσηγέτην</em></strong></span> <span class='ocrx_word' id='word_1_255' title='bbox 910 3159 1083 3244; x_wconf 83' lang='lat' dir='ltr'><strong>Auratum,</strong></span> <span class='ocrx_word' id='word_1_256' title='bbox 1109 3160 1250 3226; x_wconf 76' lang='grc'>11111111-</span> 
     </span>
     <span class='ocr_line' id='line_1_35' title="bbox 297 3247 1252 3331; baseline 0.002 -20"><span class='ocrx_word' id='word_1_257' title='bbox 297 3248 373 3312; x_wconf 93' lang='lat' dir='ltr'><strong>dum</strong></span> <span class='ocrx_word' id='word_1_258' title='bbox 395 3248 520 3331; x_wconf 89' lang='lat' dir='ltr'><strong>pridem</strong></span> <span class='ocrx_word' id='word_1_259' title='bbox 534 3247 718 3330; x_wconf 88' lang='lat' dir='ltr'><strong>Pindarum,</strong></span> <span class='ocrx_word' id='word_1_260' title='bbox 739 3269 842 3331; x_wconf 91' lang='lat' dir='ltr'><strong>nuper</strong></span> <span class='ocrx_word' id='word_1_261' title='bbox 864 3248 961 3312; x_wconf 88' lang='lat' dir='ltr'><strong>etiam</strong></span> <span class='ocrx_word' id='word_1_262' title='bbox 978 3247 1156 3313; x_wconf 87' lang='lat' dir='ltr'><strong>Homerum</strong></span> <span class='ocrx_word' id='word_1_263' title='bbox 1175 3247 1252 3313; x_wconf 81' lang='lat' dir='ltr'><strong>Gal-</strong></span> 
     </span>
     <span class='ocr_line' id='line_1_36' title="bbox 297 3335 1318 3413; baseline 0.002 -15"><span class='ocrx_word' id='word_1_264' title='bbox 297 3336 406 3413; x_wconf 87' lang='lat' dir='ltr'><strong>licum,</strong></span> <span class='ocrx_word' id='word_1_265' title='bbox 421 3335 647 3400; x_wconf 84' lang='lat' dir='ltr'><strong>suavissimum</strong></span> <span class='ocrx_word' id='word_1_266' title='bbox 661 3335 741 3400; x_wconf 91' lang='lat' dir='ltr'><strong>mihi</strong></span> <span class='ocrx_word' id='word_1_267' title='bbox 754 3336 983 3400; x_wconf 87' lang='lat' dir='ltr'><strong>amicissimum</strong></span> <span class='ocrx_word' id='word_1_268' title='bbox 997 3336 1129 3401; x_wconf 86' lang='lat' dir='ltr'><strong>fratrem</strong></span> <span class='ocrx_word' id='word_1_269' title='bbox 1142 3358 1251 3401; x_wconf 91' lang='lat' dir='ltr'><strong>meum</strong></span> <span class='ocrx_word' id='word_1_270' title='bbox 1317 3347 1318 3350; x_wconf 76' lang='grc'>’</span> 
     </span>
     <span class='ocr_line' id='line_1_37' title="bbox 297 3421 1252 3508; baseline 0.003 -21"><span class='ocrx_word' id='word_1_271' title='bbox 297 3427 330 3487; x_wconf 91' lang='grc'><strong>11</strong></span> <span class='ocrx_word' id='word_1_272' title='bbox 355 3424 421 3488; x_wconf 89' lang='lat' dir='ltr'><strong>iam</strong></span> <span class='ocrx_word' id='word_1_273' title='bbox 447 3423 495 3486; x_wconf 91' lang='lat' dir='ltr'><strong>illi</strong></span> <span class='ocrx_word' id='word_1_274' title='bbox 523 3421 666 3488; x_wconf 94' lang='lat' dir='ltr'><strong>Homero</strong></span> <span class='ocrx_word' id='word_1_275' title='bbox 694 3444 865 3506; x_wconf 88' lang='lat' dir='ltr'><strong>supparem</strong></span> <span class='ocrx_word' id='word_1_276' title='bbox 887 3423 1077 3507; x_wconf 91' lang='lat' dir='ltr'><strong>Hesiodum,</strong></span> <span class='ocrx_word' id='word_1_277' title='bbox 1104 3422 1252 3508; x_wconf 86' lang='lat' dir='ltr'><strong>Baifium,</strong></span> 
     </span>
     <span class='ocr_line' id='line_1_38' title="bbox 297 3511 1253 3596; baseline 0.002 -21"><span class='ocrx_word' id='word_1_278' title='bbox 297 3513 330 3575; x_wconf 88' lang='lat' dir='ltr'><strong>et</strong></span> <span class='ocrx_word' id='word_1_279' title='bbox 352 3531 434 3593; x_wconf 89' lang='lat' dir='ltr'><strong>eum,</strong></span> <span class='ocrx_word' id='word_1_280' title='bbox 457 3511 508 3576; x_wconf 88' lang='lat' dir='ltr'><strong>oui</strong></span> <span class='ocrx_word' id='word_1_281' title='bbox 531 3531 590 3596; x_wconf 83' lang='lat' dir='ltr'><strong>ego</strong></span> <span class='ocrx_word' id='word_1_282' title='bbox 606 3533 702 3595; x_wconf 88' lang='lat' dir='ltr'><strong>quam</strong></span> <span class='ocrx_word' id='word_1_283' title='bbox 724 3511 864 3594; x_wconf 89' lang='lat' dir='ltr'><strong>nomine,</strong></span> <span class='ocrx_word' id='word_1_284' title='bbox 886 3511 1011 3574; x_wconf 87' lang='lat' dir='ltr'><strong>utinam</strong></span> <span class='ocrx_word' id='word_1_285' title='bbox 1027 3513 1060 3575; x_wconf 94' lang='lat' dir='ltr'><strong>et</strong></span> <span class='ocrx_word' id='word_1_286' title='bbox 1073 3511 1253 3577; x_wconf 87' lang='lat' dir='ltr'><strong>eruditione</strong></span> 
     </span>
    </p>
   </div>
   <div class='ocr_carea' id='block_1_3' title="bbox 0 0 1332 3910">
    <p class='ocr_par' dir='ltr' id='par_1_3' title="bbox 0 0 1332 3910">
     <span class='ocr_line' id='line_1_39' title="bbox 0 0 1332 3910; baseline 0 0"><span class='ocrx_word' id='word_1_287' title='bbox 0 0 1332 3910; x_wconf 95' lang='lat' dir='ltr'><strong> </strong></span> 
     </span>
    </p>
   </div>
  </div>
 </body>
</html>
