2658 3914
245 223 307 286 178
621 225 706 280 VAR.
725 224 827 280 LEOT.

243 368 351 452 colligi
374 373 525 452 possunt,
552 390 590 432 ex
618 369 734 453 quibus
761 371 889 434 constet
911 369 1045 434 eandem
1071 369 1209 435 illorum

243 478 369 540 quoque
401 457 452 520 his
485 457 523 520 de
550 457 645 521 rebus
679 457 778 521 fuisse
812 458 1013 522 sententiam.
1075 455 1138 522 Sed
1174 463 1210 524 et

243 544 486 626 antiquissimus
509 547 677 627 pottarum
697 543 857 610 Homerus
880 547 966 609 tecta
988 544 1128 629 quadam
1151 567 1208 610 ur-

242 631 387 695 banitate
419 631 625 716 significavit,
662 653 880 717 quaecumque
911 633 981 716 ipse
1017 632 1056 697 de
1088 632 1208 698 inferis

242 719 418 802 cecinisset,
441 720 520 783 talia
542 740 619 802 erse,
643 721 750 803 qualia
767 720 929 785 interdum
950 720 1146 784 mulierculis
1172 724 1207 786 et

242 807 384 890 puerulis
408 807 449 870 ad
471 808 578 873 focum
602 808 787 873 sedentibus
808 813 865 872 aut
891 807 1024 872 fallendi
1048 811 1104 872 aut
1126 829 1205 872 con-

243 894 373 959 ciliandi
396 896 501 960 somni
529 896 634 980 gratia
655 897 780 960 narrari
807 895 955 961 solerent.
1000 893 1092 960 Facit
1114 896 1205 960 enim

242 980 370 1049 Ulixem
392 984 517 1049 moneri
540 1006 559 1047 a
581 987 699 1066 matre,
727 987 764 1048 ut
786 1005 883 1067 quam
905 984 1044 1066 primum
1067 1005 1204 1067 superos

241 1074 381 1155 repetat,
405 1093 548 1156 quaeque
572 1071 656 1156 apud
679 1071 800 1136 inferos
824 1072 918 1153 vidit,
941 1074 1048 1136 mente
1071 1071 1205 1136 condita

242 1161 363 1241 teneat,
386 1161 423 1223 ut
444 1160 564 1224 habeat
586 1158 672 1244 qnod
694 1160 787 1225 uxori
809 1181 940 1223 narrare
963 1157 1115 1244 possit¹):

283 1273 380 1344 Ἀλλὰ
403 1277 533 1362 odardo
555 1277 691 1364 τάχιστα
713 1285 848 1347 λιλαίεο.
874 1281 978 1346 ταῦτα
1002 1277 1039 1345 db
1061 1277 1174 1345 πάντα

277 1361 380 1449 ”Ισθ’,
404 1368 460 1432 ἵνα
482 1366 537 1432 καὶ
560 1366 740 1452 μετόπισθε
761 1370 817 1455 τεῇ
841 1375 986 1454 εἴπῃσθα
1008 1372 1156 1452 γυναικί·

243 1493 280 1554 nt
300 1494 428 1555 tantum
450 1513 517 1556 non
540 1495 649 1577 operte
673 1493 775 1557 dicere
797 1493 953 1577 videatur,

287 1609 364 1700 Πὰρ
386 1612 466 1701 πυρὶ
480 1610 542 1701 χρὴ
559 1615 697 1681 τοιαῦτα
714 1613 823 1698 λέγειν
845 1615 1006 1698 χειμῶνος
1029 1611 1065 1678 ἐν
1087 1608 1204 1699 deff).

244 1735 393 1802 Summns
417 1741 524 1803 autem
538 1737 784 1803 Homericarum
797 1739 952 1804 virtutum
969 1737 1113 1803 imitator
1126 1735 1204 1800 Vir·

244 1826 339 1909 gilius
372 1827 468 1890 aliam
498 1827 658 1891 rationem
690 1829 889 1891 commentus
921 1828 983 1910 est,
1019 1847 1083 1909 qua
1113 1823 1203 1888 idem

244 1913 377 1978 obscure
401 1935 437 1977 ac
461 1914 633 1998 symbolice
655 1911 853 2000 indicaretl).
901 1911 987 1978 Nam
1014 1934 1087 1978 cum
1110 1911 1204 1997 duas,

243 2022 282 2064 ex
304 2000 446 2066 Homero
466 2002 529 2066 hoo
544 2023 685 2087 quoquo,
708 2001 819 2068 Somni
840 2005 951 2087 portas
965 2001 1109 2083 fecisset,
1131 2020 1203 2065 cor—

242 2110 338 2154 neam
359 2111 472 2173 unam,
496 2111 560 2175 qna
581 2112 670 2174 vera,
693 2091 849 2155 eburnam
871 2091 1014 2172 alteram,
1038 2109 1101 2172 quo
1114 2087 1204 2152 falsa

242 2178 404 2243 insomnia
431 2179 649 2243 mitterentur:
676 2177 824 2262 Aenean,
851 2178 1004 2261 spectatis
1030 2176 1095 2241 illis
1118 2175 1203 2240 infe—

243 2287 352 2330 rorum
374 2267 545 2349 portentis,
568 2269 664 2350 porta
678 2267 801 2330 eburna
815 2266 1031 2350 egredientem
1053 2263 1140 2346 facit,
1163 2267 1205 2329 ut

244 2355 412 2438 sagacibus
434 2354 607 2418 lectoribus
630 2353 858 2437 suspicandum
875 2352 1078 2438 relinqueret,
1099 2350 1203 2416 talem

244 2462 312 2504 esse
340 2445 443 2506 totam
470 2441 560 2504 illam
591 2443 838 2524 τερατολογίαν,
871 2441 978 2525 qualia
1007 2439 1132 2506 somnia
1159 2461 1204 2504 ex

242 2528 353 2593 inferis
376 2528 488 2592 cadem
510 2528 566 2592 illa
587 2532 682 2612 porta
704 2529 790 2594 exire
813 2529 955 2595 dixisset

582 2755 727 2824 CAPUT
748 2755 863 2822 XLIV.

261 2874 333 2932 UUR
350 2875 440 2933 IUNO
458 2877 556 2933 APUD
575 2876 760 2934 Honaaun
778 2875 952 2932 VULOANO
971 2873 1184 2931 BLANDIENS

508 2965 685 3024 GLAUDUM
703 2964 782 3021 EUM
800 2963 932 3020 VOGET.

338 3073 469 3150 Quaerit
501 3074 536 3139 P.
568 3072 732 3139 Victorius
762 3074 845 3138 libro
876 3069 995 3136 XXIX.
1027 3069 1205 3136 Variarum

243 3159 439 3243 Lectionum,
462 3183 526 3246 quo
549 3162 682 3226 consilio
696 3161 778 3227 Iuno
793 3161 878 3246 opud
891 3156 1100 3243 Homerum4)
1118 3157 1205 3224 Vul-

242 3373 254 3388 ,
316 3333 335 3399 ¹)
355 3331 406 3386 Od.
425 3333 472 3386 XI.
491 3338 551 3386 222.
571 3349 592 3386 s.
891 3358 897 3371 ·

315 3402 335 3468 ²)
354 3402 540 3471 Xenophanes
558 3418 604 3471 ap.
623 3401 724 3456 Athen.
743 3402 776 3456 Il.
796 3408 838 3456 44.

314 3472 336 3608 ξ
353 3472 489 3595 fierffll.
498 3477 566 3596 ιο533914.
604 3470 645 3527 Cf.
664 3472 744 3526 Hom.
765 3471 816 3526 Od.
834 3471 907 3528 XIX.
928 3477 988 3529 563.
