2656 3910
252 217 314 282 106
567 219 746 276 EPISTOLA
764 221 886 276 LXXVI.

250 362 329 426 mibi
357 364 481 429 animos
509 365 620 449 facies,
646 365 763 430 laxabo
793 365 941 430 fortassis
968 366 1077 431 frenos
1104 367 1207 430 veteri

250 451 377 515 cuidam
400 453 568 517 ambitioni
586 473 685 536 meae,
707 475 804 538 quam
823 473 922 537 usque
945 453 1008 518 huc
1031 455 1207 538 compressi

250 559 287 602 ao
309 540 462 623 continui,
486 541 679 622 attentabo,
703 541 820 624 siquid
843 541 1061 606 transmittere
1085 541 1125 606 ad
1148 563 1207 625 po·

251 629 352 691 steros
375 629 506 711 possim,
530 630 615 713 quod
629 649 680 692 me
704 628 792 693 vobis
817 650 942 713 qnoque
965 651 1074 694 carum
1089 629 1206 694 vixisse

248 717 391 779 testetur.
427 715 519 780 Nihil
540 721 650 780 tamen
668 719 787 779 temere
807 717 979 799 suscipiam
992 731 1096 801 neque
1115 716 1206 800 quid·

152 803 156 811 '
251 823 347 884 quam
374 804 438 867 tale
467 806 615 887 tentabo,
646 804 710 868 nisi
736 806 773 867 tu
801 825 852 868 me
883 804 972 888 prius
1001 805 1205 889 arrogantiae

250 894 337 954 metu
359 892 515 957 liberaris.
560 891 688 956 Interea
715 895 791 974 peto
820 894 893 955 ate
922 895 1043 975 quanta
1065 893 1207 957 maxima

250 980 455 1044 contentione
474 1001 627 1064 possum,
655 980 795 1062 primum
821 982 858 1043 ut
884 1000 935 1043 me
963 1001 1063 1061 ames,
1091 980 1206 1044 deinde

249 1068 286 1129 ut
307 1069 378 1132 tum
402 1068 596 1132 serenissimi
609 1067 718 1151 Regis,
741 1071 810 1130 tum
825 1067 931 1130 affinis
953 1067 1011 1150 tui,
1033 1067 1094 1131 viri
1117 1069 1206 1132 omni

249 1155 343 1218 laude
383 1157 590 1239 praestantis,
631 1154 788 1219 Zamoscii
829 1155 1085 1218 benevolentiam
1125 1156 1206 1220 mihi

250 1242 339 1305 omni
361 1243 485 1307 ratione
508 1263 683 1308 conserves.
708 1241 797 1307 Vale.
821 1241 951 1307 Romae.
974 1259 1019 1308 Ν.
1042 1242 1112 1307 Kal.
1136 1243 1205 1308 Ian.

249 1347 441 1397 nnnxxrrN.
834 1353 838 1360 ·

640 1479 796 1491 -ι

651 1645 799 1712 LXXVI.

367 1773 370 1778 ’
445 1772 493 1846 Μ.
522 1772 764 1845 ANTONIUS
791 1770 1015 1846 MURETUS

548 1908 578 1974 Q.
597 1907 713 1962 MARIO
734 1905 903 1962 CORRADO

696 2014 717 2057 S.
731 2015 759 2057 1).

317 2121 491 2206 Pergratae
528 2121 609 2187 mihi
639 2122 769 2186 fuerunt
804 2120 929 2186 litterae
960 2126 1044 2186 tuae.
1098 2119 1206 2188 Antea

251 2210 346 2293 enim,
368 2211 504 2293 fatebor,
527 2210 771 2275 subinvidebam
789 2209 991 2274 amicissimis
1015 2209 1207 2293 quibusdam

251 2299 340 2382 meis,
363 2299 404 2362 ad
428 2318 507 2382 qnos
531 2301 643 2362 extant
656 2297 811 2380 epistolae
831 2300 915 2379 tuae,
939 2297 1024 2381 quod
1047 2298 1082 2361 in
1104 2299 1150 2362 eis
1166 2298 1207 2363 ad

252 2408 302 2450 me
324 2385 415 2450 nulla
436 2387 603 2470 legeretur.
648 2384 806 2468 Aequod
830 2387 881 2467 tu,
909 2385 1001 2468 quasi
1028 2387 1206 2450 communis

252 2474 382 2557 quidam
405 2473 558 2550 omnium,
582 2472 692 2556 quiin
715 2471 810 2535 ltalia
833 2474 918 2555 sunt,
940 2472 1136 2556 elegantium
1159 2478 1206 2539 at-

253 2582 313 2643 que
341 2561 539 2625 eruditorum
569 2560 737 2624 hominum
763 2562 868 2644 pater,
901 2581 973 2624 cum
1004 2561 1093 2624 illam
1122 2562 1207 2626 inter

251 2659 307 2712 eos
330 2648 450 2733 gloriae
478 2669 515 2712 ac
541 2648 682 2714 nominis
708 2647 918 2712 hereditatem
941 2647 1109 2732 divideres,
1136 2650 1206 2713 nul-

252 2737 318 2799 lam
340 2735 420 2800 mihi
442 2735 510 2800 eins
533 2755 574 2799 ne
596 2736 757 2801 unciolam
781 2736 909 2820 quidem
928 2736 1128 2820 aspersisses,
1152 2738 1207 2801 sed

253 2845 304 2889 me
327 2827 481 2908 tanquam
505 2817 664 2909 ἄγροικόν
686 2846 762 2888 τινα
784 2821 840 2887 καὶ
862 2818 1013 2905 ἄμουσον
1025 2826 1206 2907 praeteriis-

252 2935 319 2977 ses:
347 2912 526 2976 meditabar
554 2913 644 2996 olim,
672 2912 699 2976 si
725 2911 773 2975 ita
799 2911 866 2975 fors
892 2911 1033 2994 tulisset,
1055 2912 1206 2977 adversus

252 3001 380 3065 tabulas
393 3004 467 3065 tuas
489 3001 659 3065 inofficiosi
674 2999 844 3084 querelam.
879 2997 981 3063 Extra
1002 2999 1207 3079 1011111001-

253 3089 341 3171 rade,
372 3089 422 3153 vir
449 3088 568 3170 optime
596 3091 629 3152 et
660 3087 886 3170 eruditissime,
918 3087 1011 3151 multi
1038 3088 1103 3152 iam
1131 3089 1208 3152 anni

253 3177 342 3258 sunt,
372 3196 444 3239 cum
474 3196 491 3238 e
521 3175 721 3239 sermonibus
750 3175 889 3258 primum
913 3174 1001 3238 Petri
1023 3175 1069 3240 Io.
1133 3174 1207 3239 Per·-

253 3262 390 3346 piniani,
418 3262 486 3346 qui,
514 3261 590 3326 dum
612 3263 704 3344 vixit,
731 3262 813 3326 mihi
835 3261 1115 3327 coniunctissimus
1137 3263 1208 3346 fuit,

254 3349 367 3413 deinde
398 3350 501 3415 multo
538 3349 636 3412 etiam
672 3349 776 3433 magis
809 3369 847 3412 ex
878 3349 968 3414 libris
1000 3351 1208 3433 epistolarum

253 3443 383 3502 tuarum
408 3436 492 3501 tanti
519 3439 551 3500 te
578 3436 674 3519 facio,
706 3439 743 3501 ut
769 3457 861 3500 verae
893 3457 931 3501 ac
958 3437 1078 3502 solidae
1106 3439 1209 3502 erudi-

253 3525 365 3608 tionis,
393 3525 511 3589 erimia
538 3524 676 3609 quadam
703 3523 837 3588 Latinae
870 3524 1025 3588 orationis
1056 3525 1209 3591 facultate
