2658 3914
249 180 311 244 138
622 180 706 235 VAE.
725 179 826 234 LEOT.

596 322 740 389 OAPUT
762 321 850 389 XIV.

244 435 418 491 HISTORIA
441 414 491 489 DE
513 434 676 489 PINDARO
699 434 833 503 POETA,
860 431 1039 490 MULTATO
1063 435 1088 488 A
1111 432 1202 506 SUIS,

452 521 601 578 ORNATO
620 523 668 576 AB
687 522 989 578 ATHENIENSIBUS.

313 630 491 696 Pausanias
509 631 545 695 in
562 630 680 696 Atticis
687 629 712 717 ¹)
734 635 854 714 narrat,
868 631 1091 716 Athenienses
1115 633 1202 716 quod

246 741 266 782 a
286 718 426 784 Pindaro
453 720 488 783 in
516 720 656 803 quodam
679 723 800 783 asmata
822 719 945 783 laudati
968 723 1089 803 essent,
1116 723 1202 785 tanti

245 807 358 871 fecisse
373 809 472 891 ampli
486 807 571 871 illius
586 829 623 871 ao
633 807 836 892 grandiloqui
846 810 959 890 potitae
969 807 1202 892 testimonium,

245 897 282 958 ut
309 898 342 958 et
369 896 453 960 dona
481 896 509 958 ei
536 896 676 978 plurima
699 896 739 961 ob
762 896 794 959 id
818 895 977 978 miserint,
1005 899 1037 959 et
1060 899 1200 960 statuam

143 1037 148 1052 ,
245 983 280 1046 in
306 983 435 1047 civitate
463 1005 521 1047 sua
547 983 726 1048 statuerint.
770 981 845 1047 Non
872 983 972 1066 igitur
997 983 1114 1047 mirum
1142 988 1201 1068 est,
1318 987 1319 1042 Τ

247 1071 273 1135 si
287 1070 351 1134 illis
364 1073 562 1154 temporibus
576 1071 670 1136 multi
685 1093 722 1135 ac
730 1073 930 1155 praestantes
939 1075 1053 1154 poetae
1062 1071 1201 1156 fuerunt,

246 1180 331 1240 cum,
360 1161 414 1243 qui
438 1180 476 1222 ea
497 1159 649 1224 facultate
673 1159 882 1241 excellebant,
905 1162 938 1222 et
960 1159 1108 1222 maximis
1130 1181 1200 1224 mu·

245 1246 376 1309 neribus
386 1246 634 1311 honestarentur
644 1250 676 1310 et
684 1247 859 1311 honoribus
868 1246 1073 1329 amplissimis
1081 1250 1200 1312 macta-

245 1331 364 1397 rentur.
416 1332 532 1397 Aetate
562 1338 674 1399 nostra
700 1335 819 1399 vocalis
847 1334 901 1396 ille
929 1334 1006 1398 olim
1033 1333 1200 1400 Musarum

248 1420 363 1485 chorus
387 1422 554 1504 conticuit3
579 1443 722 1506 quaeque
745 1422 880 1486 avaritia
902 1423 1066 1505 marsupia
1087 1427 1200 1505 poten·

245 1509 327 1572 tium
346 1509 449 1591 clusit,
467 1509 577 1573 eadem
596 1530 695 1573 venas
708 1507 870 1574 Heliconii
883 1510 1016 1594 liquoris
1031 1511 1200 1575 obstruxit.

150 1637 157 1647 ·
247 1593 309 1660 Sed
328 1597 412 1681 quod
432 1598 470 1662 de
484 1597 623 1662 Pindaro
637 1598 827 1682 perstringit
839 1596 1026 1680 Pausaniae,
1048 1598 1082 1661 id
1095 1599 1199 1663 fusius

246 1684 393 1749 edisserit
414 1686 448 1749 in
472 1687 610 1770 quadam
629 1683 797 1771 epistola²)
817 1685 1002 1750 Aeschines.
1038 1684 1096 1749 Ait
1114 1688 1200 1751 enim

246 1772 350 1856 illum,
374 1794 445 1836 cum
468 1773 714 1837 Atheniensium
738 1774 849 1837 urbem
873 1772 1128 1838 commendasset
1148 1775 1198 1839 his

245 1860 364 1943 verbis,
385 1861 461 1924 αἵτε
488 1859 623 1945 λιπαραὶ
649 1858 704 1924 καὶ
732 1856 880 1943 ἀοίδιμοι
898 1855 1056 1936 Ἑλλάδος
1079 1857 1196 1946 ἔρεισμ’

243 1940 394 2030 Ἀθᾶναι,
417 1949 587 2012 multatum
612 1969 680 2012 esse
704 1971 724 2012 a
745 1949 867 2012 civibus
896 1949 961 2012 suis
985 1969 1079 2033 aegre
1097 1950 1199 2014 feren

245 2034 346 2118 tibus,
374 2036 486 2100 alienis
514 2059 586 2100 eum
613 2037 720 2119 potius
747 2059 844 2121 quam
872 2036 937 2100 suis
964 2037 1053 2099 illam
1074 2041 1199 2102 tantam

245 2124 374 2188 laudem
402 2124 535 2189 dedisse.
586 2124 678 2200 Quod
710 2125 763 2189 ubi
794 2124 948 2188 rescivere
975 2122 1200 2209 Athenienses,

246 2213 415 2277 confestim
439 2213 596 2277 miserunt
618 2213 648 2276 ei
671 2212 803 2295 duplum
827 2212 895 2275 eius
917 2213 1079 2296 pecuniae,
1102 2235 1199 2297 quam

247 2301 367 2364 multae
390 2301 521 2364 nomine
545 2303 614 2363 erat
636 2304 774 2382 exactus
796 2299 965 2383 ipsumque
980 2321 1079 2363 aenea
1093 2303 1201 2365 statua

247 2391 410 2451 ornarunt.
464 2387 515 2451 Ea
551 2390 659 2451 statua
693 2387 857 2450 visebatur
888 2385 1058 2451 Aeschinis
1095 2392 1200 2452 aetate

246 2477 321 2536 ante
344 2475 467 2558 regiam
489 2475 661 2558 porticum:
690 2475 804 2538 sedens
826 2473 985 2538 Pindarus
1008 2497 1080 2538 cum
1101 2476 1200 2558 pallio

247 2564 279 2623 et
302 2561 489 2644 diademate,
511 2563 613 2646 lyram
636 2566 750 2626 tenens
765 2566 798 2626 et
815 2584 912 2645 supra
930 2583 1036 2647 genua
1054 2567 1200 2646 apertum

245 2649 371 2713 libmm.

606 2805 749 2872 CAPUT
771 2805 842 2871 XV.

323 2917 422 2984 QUOD
441 2917 690 2974 ARISTOTELES
709 2917 837 2973 SENSIT
856 2917 906 2972 DE
924 2917 978 2987 IIS,
999 2917 1061 2984 QUI
1079 2917 1122 2974 SE

284 3005 384 3062 IPSOS
408 3007 716 3076 INTEREIOERENT‚
740 3006 922 3061 EURIPIDIS
941 3006 1165 3062 TESTIMONIO

587 3094 865 3151 OONEIRMATUM.

314 3200 395 3266 Oum
422 3203 519 3287 vulgo
548 3204 728 3266 crederetur
753 3203 815 3266 viri
837 3202 930 3266 fortis
954 3223 1037 3286 esse,
1063 3207 1200 3267 mortem

247 3289 309 3353 sibi
333 3289 528 3353 consciscere
550 3291 658 3372 potius
682 3310 777 3373 quam
801 3309 897 3373 grave
921 3290 1051 3375 aliquod
1070 3293 1103 3354 et
1116 3312 1201 3356 acer·
1318 3357 1319 3368 ,

321 3426 340 3493 ¹)
360 3426 380 3480 Ι.
400 3431 425 3480 8.

320 3494 340 3564 ²)
359 3512 402 3564 ep.
421 3499 445 3547 4.
