2656 3910
456 235 634 292 EPISTOLA
652 236 751 291 XXXI.
877 241 883 256 ⁴
1047 236 1090 300 47

137 379 273 463 obduro,
297 381 330 444 et
351 378 419 443 noli
441 382 510 443 tem
533 379 596 444 cito
620 378 659 443 de
681 379 787 444 Rome
809 380 1018 465 relinquendo
1040 401 1091 446 co·

138 468 250 552 gitcre.
283 465 366 531 Mihi
389 467 489 550 crede,

203 589 268 656 Iste
290 590 347 655 ecoe·
367 590 523 671 quondum
546 589 696 655 laetitiam
716 590 794 672 feret
816 591 907 656 labos,

138 728 341 796 Conventum
368 751 437 796 esse
461 753 480 795 c
502 733 534 794 tc
557 729 739 796 Manutium
766 753 874 796 meum
897 733 1033 817 gaudeo,
1061 735 1094 797 et

137 818 235 882 telem
267 821 442 904 repertum,
475 819 602 904 qualem
630 839 690 904 ego
721 819 783 884 tibi
809 832 882 883 eum
914 841 1008 904 scope
1040 820 1093 884 de·

139 906 337 989 scriptoram.
382 904 453 972 Hoc
484 908 545 972 tibi
577 907 698 991 liquido
730 908 917 972 confirmare
953 929 1094 991 possum,

139 1015 212 1058 eum
239 995 344 1058 virum
370 995 490 1060 bonum
519 1016 602 1078 esse,
630 991 812 1078 φιλόφιλον
839 999 873 1058 et
900 995 1094 1061 studiosissi-

139 1103 228 1146 mum
255 1083 335 1146 bene
362 1082 500 1149 faciendi
528 1105 623 1167 quam
649 1083 806 1166 plurimis.
851 1081 955 1157 Quare
983 1086 1095 1147 auctor

139 1168 200 1233 tibi
223 1191 306 1252 sum,
333 1173 371 1234 ut
391 1173 436 1254 te,
464 1175 620 1256 quantum
646 1173 752 1254 potes,
780 1171 923 1235 insinues
951 1171 986 1236 in
1008 1171 1095 1236 illius

143 1257 415 1324 consuetudinem.
443 1257 635 1344 Cogitabam
658 1259 696 1323 de
719 1259 831 1324 eodem
854 1260 923 1324 oleo
946 1261 979 1324 et
997 1281 1096 1343 opera

141 1345 182 1410 od
204 1345 355 1410 Plautum
381 1351 529 1412 nostrum
552 1347 703 1412 scribere:
732 1347 874 1412 sedulio
901 1368 1005 1414 vocor.
1042 1346 1095 1411 In-

140 1438 228 1499 teres
259 1435 414 1500 salutabis
447 1456 520 1500 sum
551 1457 624 1500 meo
656 1436 787 1500 nomine
818 1439 863 1519 et,
891 1438 928 1500 ut
953 1435 1096 1520 coepisti,

141 1522 253 1588 reddes
277 1523 419 1608 quotidie
445 1527 502 1588 tus
529 1523 758 1588 consuetudine
787 1523 970 1588 doctiorem.
1016 1522 1095 1588 Cras

142 1609 183 1674 ad
205 1631 278 1674 eum
301 1611 448 1674 scribom.
492 1610 580 1674 Bene
602 1610 686 1692 vele,
714 1610 759 1674 mi
787 1610 974 1675 suavissime
997 1609 1096 1692 Lipsi.

143 1697 270 1762 Tibure.
293 1715 350 1762 ΧΠ.
365 1695 498 1760 Kalend.
513 1694 689 1778 Septembr.
703 1713 846 1761 mmm

541 1853 699 1866 *n——n

564 1939 682 2007 XXXI.

336 2060 383 2140 M.
411 2064 654 2138 ANTONIUS
681 2067 904 2141 MURETUS

424 2197 546 2256 PAULO
566 2199 732 2330 SisiORATO
752 2200 820 2256 SUO

607 2319 612 2329 .
626 2289 654 2329 n.

213 2396 294 2462 Heri
321 2398 429 2482 accepi
451 2419 471 2462 c
492 2401 525 2462 te
548 2398 672 2462 litteras
700 2396 884 2462 simillimas·
904 2397 966 2480 tui,
987 2400 1099 2480 tersus,

146 2485 279 2569 nitidos,
306 2487 483 2571 elegantes,
509 2485 712 2569 plenissimas
739 2485 949 2549 humanitatis
977 2489 1010 2549 et
1036 2487 1099 2569 spi·

145 2576 254 2638 rentes
278 2574 366 2638 omni
389 2595 428 2637 ex
454 2577 546 2657 parte
568 2573 826 2639 benevolentiam
847 2577 987 2637 veterem
1009 2573 1100 2638 illem

145 2665 236 2725 tuum
256 2661 291 2725 in
304 2683 356 2726 me
379 2661 546 2725 mirificam
559 2682 691 2744 prorsus
714 2682 752 2724 oc
775 2660 977 2745 singularem.
1007 2661 1099 2738 Quod

146 2749 349 2815 excusatione
371 2749 452 2814 nihil
476 2770 555 2833 opus
579 2769 648 2814 esse
672 2748 803 2831 duxisti,
826 2748 940 2832 fecisti,
961 2753 1000 2813 ut
1021 2750 1099 2813 omi-

146 2837 222 2900 citia
251 2841 364 2902 nostra
391 2838 524 2921 dignum
551 2841 614 2902 est:
642 2858 680 2901 oc
707 2858 758 2902 mo
788 2839 953 2920 praeterea
985 2837 1099 2901 levasti

145 2923 254 2988 labore
269 2925 449 3010 quaerendi,
472 2924 632 3010 quomodo
654 2928 723 2988 tam
737 2923 922 2987 diuturnum
936 2923 1100 2988 silentium

146 3032 252 3074 meum
275 3013 360 3096 apud
381 3015 414 3076 te
437 3012 648 3076 defenderem.
693 3009 778 3074 Nom
801 3031 950 3073 excusare
978 3013 1011 3072 te
1033 3032 1100 3074 non

145 3101 288 3183 poteras,
319 3101 398 3185 quin
424 3099 535 3164 eodem
568 3118 666 3181 opero
691 3118 742 3162 me
770 3118 942 3162 accusares.
987 3096 1100 3182 Itaque

145 3187 207 3252 hoc
234 3209 360 3272 quoquc
383 3209 404 3252 o
424 3190 457 3250 tc
484 3189 641 3271 tanquam
667 3207 740 3250 meo
767 3207 880 3250 caussa
906 3185 1027 3250 laetum
1050 3207 1100 3250 eo·

147 3274 230 3358 cipio
253 3274 476 3360 indultomque
504 3275 584 3340 mihi
605 3295 626 3338 a
646 3277 679 3338 te
702 3277 789 3358 puto.
835 3273 1020 3338 Thalumius
1042 3295 1099 3337 no-

147 3367 212 3428 ster
250 3383 318 3428 non
343 3363 430 3428 enim
451 3363 513 3428 tibi
538 3363 603 3427 iem
626 3363 778 3444 concedo,
800 3367 838 3426 ut
863 3365 900 3425 tu
928 3382 1000 3424 eum
1028 3361 1100 3442 plus

146 3471 242 3533 omes,
280 3471 387 3534 verus,
409 3453 446 3514 ut
468 3451 573 3534 video,
596 3453 701 3515 estet
723 3450 859 3534 diligens
882 3448 1101 3512 internuntius

148 3537 305 3604 omioitiao
328 3542 466 3603 nostrae.
510 3535 596 3603 Nom
619 3537 744 3623 quotics
767 3559 832 3603 una
855 3557 980 3621 sumus,
1008 3536 1046 3601 de
1069 3539 1101 3601 te
