2658 3914
260 267 321 328 158
627 264 712 319 VAR.
730 263 834 319 LECT.

258 430 327 472 esse
355 408 563 491 superiorem,
596 408 681 492 quod
710 408 779 490 ipse
808 410 924 472 natura
949 411 1046 492 podta
1079 408 1134 492 sit,
1166 409 1221 474 illi

258 500 365 561 autem
392 495 561 560 didicerint
586 517 607 559 a
633 495 811 596 magistris:
839 497 874 560 in
902 518 964 580 quo
991 499 1120 560 tantum
1143 519 1221 562 esse

256 585 338 666 vult,
360 586 398 648 ut
420 605 458 648 eo
472 583 677 666 potissimum
689 584 820 648 nomine
843 605 877 648 se
896 584 1035 670 aquilae,
1057 585 1130 650 illos
1145 606 1220 650 cor-

258 693 370 735 vorum
392 671 512 735 similes
535 693 604 736 esse
629 669 757 756 dicatl.)

469 789 588 877 σοφὸς,
598 794 730 902 inquit,
753 788 873 858 ὀπολ-

468 878 509 946 λὰ
533 876 630 957 εἰδώς
652 882 735 1033 φυᾷ·

467 965 695 1053 pertimesci}
699 965 851 1052 ,λάβροι

467 1060 696 1164 παγγλωσσίᾳ,
718 1053 857 1140 κόρακες
879 1051 934 1138 ὥς,

468 1168 634 1252 caparra
638 1142 802 1253 γαρύετον

468 1228 658 1316 Acerranis
681 1228 798 1318 ὄρνιχα
820 1235 928 1296 θεῖον.

256 1352 344 1436 Apes
367 1353 431 1418 nisi
453 1354 619 1418 irritentur
640 1357 798 1420 innocuae
821 1358 910 1420 sunt:
937 1355 1081 1420 irritatas
1107 1355 1217 1441 figunt

256 1442 374 1506 aculeis
402 1463 471 1524 eos,
495 1463 515 1505 a
542 1442 656 1525 quibus
679 1444 785 1506 111111
808 1447 897 1525 sunt,
925 1447 958 1508 et
987 1443 1215 1510 acerbissimos

256 1530 302 1594 eis
326 1530 451 1594 dolores
474 1529 635 1614 infligunt.
662 1529 752 1594 Idem
774 1530 879 1614 poitis
902 1530 1076 1615 ingenium.
1103 1530 1215 1618 Nulla,

255 1618 312 1681 ubi
333 1639 401 1682 non
421 1618 555 1682 laedunt
540 1621 606 1701 t‚ur
628 1618 831 1683 innocentior
852 1618 1020 1682 hominum
1038 1620 1214 1686 111110111-

256 1706 363 1770 cessiti
390 1706 436 1770 ita
463 1727 497 1770 se
524 1706 683 1770 ulciscunt
669 1709 794 1790 1111111,
758 1706 977 1770 utinterdum
1000 1728 1068 1786 eos,
1096 1709 1214 1792 quibus

256 1793 370 1882 offensi
393 1798 494 1878 111111,
517 1794 558 1858 ed
579 1798 717 1858 mortem
738 1793 884 1878 adegisse
910 1798 1089 1859 narrentur.
1125 1795 1214 1862 Nam

255 1871 383 1983 praeter
404 1881 447 1964 id,
471 1881 556 1966 quod
580 1882 617 1945 de
632 1880 826 1946 Archilocho
841 1882 1029 1983 accepimus,
1050 1884 1127 1948 novi
1141 1905 1214 1969 ego,

256 1969 311 2051 qui
333 1968 469 2032 hact
417 1973 469 2032 aet
470 1972 522 2033 ate
535 1972 662 2034 tantum
676 1970 820 2035 versibus
835 1970 900 2034 suis
915 1970 1044 2035 inimico
1068 1972 1213 2038 dolorem

254 2056 421 2140 inusserit,
452 2060 490 2120 ut
520 2079 559 2120 ex
586 2078 623 2121 1ο
650 2058 704 2122 ille
732 2058 775 2121 sit
801 2062 954 2122 mortuus.
1003 2056 1116 2144 Neque
1143 2081 1214 2126 non

254 2144 316 2209 hoc
339 2145 377 2208 de
401 2166 435 2209 11
448 2145 527 2229 ipsis
540 2148 655 2229 poetae
668 2146 867 2229 praedicant,
890 2168 1027 2230 quorum
1051 2150 1126 2212 sunt
1138 2148 1212 2214 illa:

299 2266 391 2345 Cave,
414 2288 500 2333 euve:
522 2288 655 2350 namque
676 2268 712 2331 in
733 2268 832 2334 malos
852 2269 1051 2350 amavimus,

342 2355 464 2420 Parata
485 2356 555 2420 tollo
578 2351 732 2440 cornual).
777 2358 819 2439 11,

299 2443 348 2507 Ne
369 2445 532 2523 qnisqmm
553 2447 659 2507 meent
679 2443 788 2524 cupido
810 2442 889 2508 milri
904 2446 1002 2526 pacis.
1047 2443 1094 2508 Ar
1113 2443 1174 2522 ille,

301 2529 362 2608 Qui
383 2549 431 2594 me
452 2531 610 2595 commorit
631 2528 754 2612 (melius
774 2551 838 2596 nen
860 2533 999 2614 inopere!
1021 2531 1141 2615 clamo),

298 2617 405 2682 Flebit
425 2622 454 2682 et
474 2618 607 2700 iosipnis
629 2623 692 2683 1111
713 2619 889 2684 sanabitur
910 2617 1023 2704 111111).

256 2739 411 2816 Quocirca
433 2737 527 2806 Plato
550 2742 586 2805 in
603 2739 745 2824 Min004)
768 2742 999 2825 praecipitiis,
1027 2742 1083 2826 qui
1104 2742 1212 2806 bonae

254 2828 359 2892 famae
383 2829 518 2893 studiosi
541 2831 629 2912 sunt,
652 2832 690 2894 ut
712 2829 882 2913 diligenter
904 2832 1051 2912 caveant,
1072 2850 1114 2893 ne
1138 2850 1213 2894 cum

255 2916 358 3001 politis
381 2917 566 2982 inimicitias
589 2917 774 3000 suscipiant.

321 3004 409 3089 Apes
432 3027 449 3070 e
472 3005 569 3071 variis
591 3001 724 3070 floribus
743 3026 871 3069 succum
890 3004 1103 3088 exprimentes
1127 3025 1210 3088 opus

255 3093 475 3158 dulcissimum
507 3093 687 3157 conficiunt.
741 3091 859 3157 Podtae
897 3113 1022 3177 quoque
1055 3095 1212 3177 vagantes

255 3202 312 3263 per
338 3181 450 3245 hortos
477 3181 550 3246 illos
578 3179 761 3244 Gratiarum
789 3183 823 3247 11
848 3178 998 3266 Vanum,
1026 3179 1064 3244 de
1093 3179 1212 3264 quibus

329 3368 348 3438 ¹)
368 3368 478 3490 Olymp.
496 3369 531 3422 H.
553 3374 611 3422 154.
631 3387 666 3422 ss.

327 3437 347 3506 ¹)
365 3438 431 3491 Hor.
475 3438 539 3507 pod.
558 3438 604 3492 VI.
626 3446 666 3490 11.

326 3507 347 3575 ³)
365 3508 432 3561 Hor.
452 3507 510 3561 Sat.
529 3508 562 3561 IL
584 3515 607 3574 l,
626 3513 668 3560 44.
684 3523 719 3561 11.

325 3577 346 3644 ⁴)
365 3595 392 3646 p.
412 3583 465 3632 320
478 3575 510 3631 Ε.
