2656 3910
485 221 662 279 EPISTOLA
679 224 737 280 LX.
1048 222 1089 287 79

137 387 199 450 que
221 370 318 431 natus
340 366 376 430 in
397 369 489 449 parte
503 365 625 432 (labiae
644 367 782 432 maxime
804 371 953 432 montosa
975 388 1012 431 ac
1034 367 1089 432 fri-

137 453 220 538 gida.
267 452 361 528 Quod
388 457 494 519 autem
519 455 660 538 quidam,
691 455 746 539 qui
773 456 932 520 deterrere
959 476 1010 520 me
1038 476 1090 519 cu·

136 544 263 625 perent,
291 542 488 625 clamabant,
515 545 627 627 gentes
661 543 733 606 illas
759 543 845 608 feras
872 565 910 608 ac
936 544 1090 608 barbaras

136 650 220 694 esse:
252 629 416 693 interdum
445 630 525 694 mihi
551 631 666 714 risum,
697 630 858 695 interdum
890 632 1091 697 stomachum

136 717 319 782 movebant.
360 715 483 802 Magna
504 717 597 801 mihi,
621 716 764 802 Sacrate,
787 740 859 783 cum
882 720 991 784 multis
1014 717 1090 784 Ger-

136 804 256 888 manis,
283 825 403 890 magna
430 826 503 870 cum
529 806 696 889 permultis
724 805 856 872 Polonis
878 806 1092 891 familiaritas,

137 913 276 977 magnus
298 914 384 977 usus,
407 914 526 978 magna
548 894 749 958 necessitudo
772 893 843 958 fuit.
881 892 1012 979 Semper
1035 917 1090 959 eos

138 983 289 1064 expertus
313 1002 384 1044 sum
405 981 509 1046 bonos
532 982 632 1065 viros,
658 984 777 1064 rectos,
805 981 979 1064 simplices,
1002 1003 1091 1065 aper-

137 1071 203 1150 tos,
231 1066 482 1132 humanissimos
517 1072 683 1152 praeterea
715 1071 748 1132 et
778 1089 878 1153 prope
911 1090 1021 1132 omnes
1054 1090 1091 1133 eo

138 1154 225 1220 vitae
249 1155 336 1219 cultu
360 1176 396 1219 ac
410 1156 577 1239 munditia,
600 1177 681 1239 quae
704 1155 746 1220 ad
768 1156 962 1240 elegantiam
983 1156 1091 1239 potius

139 1265 239 1328 quam
266 1243 306 1306 ad
334 1243 433 1308 ullam
456 1243 637 1308 barbariem
660 1243 831 1308 accederet.
874 1243 989 1329 Nugae
1011 1244 1054 1308 ist
1040 1247 1092 1308 tae

140 1335 217 1394 sunt
238 1330 418 1415 hominum,
440 1353 509 1415 eos,
539 1331 594 1417 qui
616 1331 740 1396 adulari
763 1335 796 1396 et
816 1332 928 1398 fallere
950 1334 984 1396 et
1006 1332 1093 1397 aliud

139 1419 242 1502 loqui,
264 1419 352 1484 aliud
376 1419 518 1504 cogitare
540 1420 701 1504 nesciunt,
674 1420 878 1485 tbarbcros
900 1420 1092 1486 vocantium.

139 1503 275 1570 Utinam
301 1529 361 1572 nos
389 1529 426 1572 eo
453 1507 550 1574 modo
578 1470 707 1573 barbari
729 1509 884 1573 essemus!
920 1507 995 1574 Utri
1017 1529 1093 1573 vero

139 1594 341 1659 barbariores
365 1598 454 1658 sunt:
477 1595 577 1658 nati
568 1616 605 1658 ιιι
627 1594 733 1658 media
754 1593 860 1678 Italia,
882 1616 1017 1680 quorum
1040 1595 1094 1660 vix

139 1682 351 1746 centesimum
392 1703 549 1765 quemque
588 1681 744 1765 reperias,
786 1681 842 1765 qui
880 1681 997 1745 Latine
1039 1685 1094 1746 aut

140 1767 260 1834 Graece
281 1769 371 1853 loqui
398 1769 480 1832 sciat
506 1771 563 1832 aut
588 1769 712 1832 litteras
735 1768 843 1832 amet?
878 1790 921 1833 an
943 1766 1095 1832 Germani

141 1877 178 1920 ac
205 1855 336 1940 Poloni,
365 1877 500 1940 quorum
527 1857 679 1939 permulti
705 1858 738 1920 et
769 1876 879 1920 earum
910 1856 1094 1940 linguarum

141 1947 309 2027 utramque
332 1941 564 2027 perfectissime
587 1945 706 2008 callent
728 1947 761 2008 et
783 1945 828 2008 ita
851 1944 974 2009 litteras
998 1964 1036 2008 ac
1057 1945 1093 2009 li·

141 2031 266 2096 berales
290 2029 475 2114 disciplinas
498 2034 621 2113 amant,
648 2031 746 2096 utin
773 2032 819 2096 eis
846 2036 974 2116 tempus
1000 2053 1094 2097 omne

143 2118 356 2185 consumant?
393 2116 478 2182 Olim
509 2117 557 2182 illi
587 2118 735 2184 fortassis
766 2120 871 2203 asperi
902 2142 939 2184 ac
966 2119 1095 2183 barbari

141 2207 287 2290 fuerunt3
309 2207 372 2272 hoc
387 2205 516 2292 quidem
539 2208 657 2290 seculo,
679 2227 799 2287 vereor,
821 2228 861 2270 ne
886 2207 927 2271 ad
948 2227 1009 2271 nos
1023 2206 1094 2270 bar-

142 2295 257 2379 baries,
280 2296 321 2360 ad
343 2295 417 2360 illos
437 2294 541 2360 cultus
564 2297 597 2359 et
619 2294 771 2378 splendor
791 2294 876 2359 vitae
904 2298 937 2357 et
959 2294 1094 2359 eruditio

142 2385 237 2467 atque
269 2383 466 2464 humanitas,
501 2383 634 2448 mutatis
666 2383 808 2466 sedibus,
844 2382 1094 2466 commigrarint.

143 2468 269 2553 Itaque,
296 2473 333 2534 ut
353 2491 464 2536 verum
485 2470 547 2535 tibi
569 2471 685 2555 fatear,
710 2470 922 2535 libentissime
950 2490 987 2535 eo
1011 2491 1095 2535 eom·

144 2577 314 2639 meassem,
337 2557 365 2622 si
386 2557 469 2622 nihil
491 2559 676 2624 obstitisset
723 2557 880 2644 Quicquid
902 2557 988 2623 enim
1011 2579 1095 2622 com·

143 2644 231 2708 modi
252 2644 316 2709 mei
339 2666 452 2710 caussa
474 2646 515 2711 ab
538 2647 583 2712 eis
601 2648 760 2731 petebam,
781 2645 815 2710 id
838 2667 949 2712 omnes
971 2646 1095 2730 prolixe

142 2753 179 2797 ac
202 2732 329 2817 copiose
352 2734 543 2799 offerebant:
569 2738 607 2798 ut
635 2735 699 2799 iam
728 2736 901 2818 constaret,
927 2735 1095 2800 internos

143 2820 212 2886 sine
234 2821 300 2886 ullo
323 2823 454 2907 negotio
477 2825 707 2887 conventurum
726 2843 804 2887 esse.
841 2820 924 2899 Quid
947 2822 1095 2907 quaeris?

142 2907 256 2972 Fidem
278 2909 323 2973 eis
347 2909 504 2992 dederam,
525 2913 695 2974 venturum
710 2929 780 2973 esse
802 2930 862 2990 me,
885 2909 913 2973 si
935 2929 992 2991 per
1010 2930 1095 2972 sum-

144 3016 233 3058 mum
263 2993 466 3078 Pontificem,
502 2996 553 3060 cui
589 2996 704 3078 servio,
741 2999 774 3058 et
803 3016 861 3078 per
893 2993 1096 3060 Oardinalem

143 3082 346 3184 Εειιιιειιιι,1
346 3083 435 3146 cuius
457 3083 493 3146 in
513 3045 711 3146 clientelaab
733 3082 857 3146 familia
870 3103 951 3166 sum,
972 3082 1094 3147 liceret.

144 3171 264 3255 alioqui
295 3170 381 3234 enim
412 3190 480 3234 non
505 3191 604 3252 posso
630 3190 682 3234 me
708 3169 772 3234 nisi
799 3191 909 3235 eorum
935 3170 1095 3254 permissu

144 3258 182 3322 de
217 3279 269 3323 me
304 3259 376 3343 ipso
413 3258 587 3343 quidquam
627 3259 692 3324 tale
712 3258 878 3360 polliceri.
936 3257 1094 3324 Putabam

145 3349 259 3429 autem,
282 3350 431 3411 neutrum
454 3367 564 3412 eorum
586 3346 683 3411 hoc
673 3347 785 3432 miquo
809 3347 916 3412 animo
939 3348 1093 3410 laturum.

144 3455 216 3497 cum
230 3397 408 3500 (lardinalis
432 3435 560 3520 quidem
574 3434 674 3520 gratis
696 3455 747 3499 me
771 3435 845 3518 alat,
858 3431 994 3519 (nullam
1008 3432 1094 3496 enim

145 3521 186 3585 ad
208 3543 276 3587 rem
297 3543 370 3588 mes
392 3544 491 3607 opera
512 3522 636 3608 utitur,)
658 3543 802 3588 summus
825 3525 932 3585 autem
945 3519 1094 3585 Pontifex
