<?xml version="1.0" encoding="UTF-8"?>
<!DOCTYPE html PUBLIC "-//W3C//DTD XHTML 1.0 Transitional//EN"
    "http://www.w3.org/TR/xhtml1/DTD/xhtml1-transitional.dtd">
<html xmlns="http://www.w3.org/1999/xhtml" xml:lang="en" lang="en">
 <head>
  <title>
</title>
<meta http-equiv="Content-Type" content="text/html;charset=utf-8" />
  <meta name='ocr-system' content='tesseract 3.04.00' />
  <meta name='ocr-capabilities' content='ocr_page ocr_carea ocr_par ocr_line ocrx_word'/>
</head>
<body>
  <div class='ocr_page' id='page_1' title='image "./scriptaselecta01muregoog_0119.png"; bbox 0 0 2658 3914; ppageno 0'>
   <div class='ocr_carea' id='block_1_1' title="bbox 250 235 882 300">
    <p class='ocr_par' dir='ltr' id='par_1_1' title="bbox 250 235 882 300">
     <span class='ocr_line' id='line_1_1' title="bbox 250 235 882 300; baseline -0.019 0"><span class='ocrx_word' id='word_1_1' title='bbox 250 235 312 300; x_wconf 79' lang='lat'>112</span> <span class='ocrx_word' id='word_1_2' title='bbox 564 235 742 290; x_wconf 83' lang='lat' dir='ltr'><strong>EPISTOLA</strong></span> <span class='ocrx_word' id='word_1_3' title='bbox 760 236 882 290; x_wconf 85' lang='lat' dir='ltr'>LXXIX.</span> 
     </span>
    </p>
   </div>
   <div class='ocr_carea' id='block_1_2' title="bbox 247 380 1203 2221">
    <p class='ocr_par' dir='ltr' id='par_1_2' title="bbox 247 380 1203 2221">
     <span class='ocr_line' id='line_1_2' title="bbox 247 380 1203 464; baseline 0.001 -20"><span class='ocrx_word' id='word_1_4' title='bbox 247 384 280 444; x_wconf 85' lang='lat' dir='ltr'>te</span> <span class='ocrx_word' id='word_1_5' title='bbox 306 383 343 444; x_wconf 90' lang='lat' dir='ltr'>ut</span> <span class='ocrx_word' id='word_1_6' title='bbox 370 380 473 444; x_wconf 87' lang='lat' dir='ltr'>tolles.</span> <span class='ocrx_word' id='word_1_7' title='bbox 510 380 625 462; x_wconf 67' lang='lat' dir='ltr'>[pesae</span> <span class='ocrx_word' id='word_1_8' title='bbox 646 401 766 446; x_wconf 89' lang='lat' dir='ltr'>nomen</span> <span class='ocrx_word' id='word_1_9' title='bbox 788 381 991 464; x_wconf 86' lang='lat' dir='ltr'>peregrinum</span> <span class='ocrx_word' id='word_1_10' title='bbox 1013 381 1203 446; x_wconf 81' lang='lat' dir='ltr'>adimerem:</span> 
     </span>
     <span class='ocr_line' id='line_1_3' title="bbox 248 465 1203 534; baseline 0.002 -2"><span class='ocrx_word' id='word_1_11' title='bbox 248 468 396 532; x_wconf 83' lang='lat' dir='ltr'>Italicum</span> <span class='ocrx_word' id='word_1_12' title='bbox 424 468 539 532; x_wconf 88' lang='lat' dir='ltr'>darem.</span> <span class='ocrx_word' id='word_1_13' title='bbox 589 465 674 532; x_wconf 87' lang='lat' dir='ltr'>Nem</span> <span class='ocrx_word' id='word_1_14' title='bbox 707 471 739 531; x_wconf 87' lang='lat' dir='ltr'>et</span> <span class='ocrx_word' id='word_1_15' title='bbox 765 467 897 532; x_wconf 88' lang='lat' dir='ltr'>Plautus</span> <span class='ocrx_word' id='word_1_16' title='bbox 925 489 998 532; x_wconf 88' lang='lat' dir='ltr'>oum</span> <span class='ocrx_word' id='word_1_17' title='bbox 1024 468 1203 534; x_wconf 74' lang='lat' dir='ltr'>[maurium</span> 
     </span>
     <span class='ocr_line' id='line_1_4' title="bbox 249 553 1202 640; baseline 0.003 -21"><span class='ocrx_word' id='word_1_18' title='bbox 249 558 281 619; x_wconf 89' lang='lat' dir='ltr'>et</span> <span class='ocrx_word' id='word_1_19' title='bbox 302 557 450 637; x_wconf 75' lang='lat' dir='ltr'><em>Inopiam</em></span> <span class='ocrx_word' id='word_1_20' title='bbox 472 556 639 638; x_wconf 84' lang='lat' dir='ltr'>loquentes</span> <span class='ocrx_word' id='word_1_21' title='bbox 661 553 825 640; x_wconf 81' lang='lat' dir='ltr'>faceret,¹)</span> <span class='ocrx_word' id='word_1_22' title='bbox 849 577 916 620; x_wconf 91' lang='lat' dir='ltr'>non</span> <span class='ocrx_word' id='word_1_23' title='bbox 938 556 1028 619; x_wconf 85' lang='lat' dir='ltr'>illem</span> <span class='ocrx_word' id='word_1_24' title='bbox 1050 555 1202 639; x_wconf 61' lang='lat' dir='ltr'>Poppaea,</span> 
     </span>
     <span class='ocr_line' id='line_1_5' title="bbox 247 643 1201 727; baseline 0.003 -21"><span class='ocrx_word' id='word_1_25' title='bbox 247 643 332 707; x_wconf 82' lang='lat' dir='ltr'>huno</span> <span class='ocrx_word' id='word_1_26' title='bbox 353 643 476 707; x_wconf 79' lang='lat' dir='ltr'>Peniou</span> <span class='ocrx_word' id='word_1_27' title='bbox 502 644 640 726; x_wconf 81' lang='lat' dir='ltr'>vocavit,</span> <span class='ocrx_word' id='word_1_28' title='bbox 669 644 724 706; x_wconf 91' lang='lat' dir='ltr'>sed</span> <span class='ocrx_word' id='word_1_29' title='bbox 750 644 877 727; x_wconf 88' lang='lat' dir='ltr'>utrique</span> <span class='ocrx_word' id='word_1_30' title='bbox 903 665 1023 708; x_wconf 90' lang='lat' dir='ltr'>nomen</span> <span class='ocrx_word' id='word_1_31' title='bbox 1048 643 1201 709; x_wconf 84' lang='lat' dir='ltr'>Latinum</span> 
     </span>
     <span class='ocr_line' id='line_1_6' title="bbox 249 729 1201 816; baseline 0.003 -23"><span class='ocrx_word' id='word_1_32' title='bbox 249 730 344 795; x_wconf 91' lang='lat' dir='ltr'>dedit.</span> <span class='ocrx_word' id='word_1_33' title='bbox 390 729 483 806; x_wconf 84' lang='lat' dir='ltr'>Quod</span> <span class='ocrx_word' id='word_1_34' title='bbox 510 731 627 794; x_wconf 83' lang='lat' dir='ltr'>alieubi</span> <span class='ocrx_word' id='word_1_35' title='bbox 654 731 739 814; x_wconf 89' lang='lat' dir='ltr'>apud</span> <span class='ocrx_word' id='word_1_36' title='bbox 766 731 886 795; x_wconf 84' lang='lat' dir='ltr'>inferos</span> <span class='ocrx_word' id='word_1_37' title='bbox 913 733 1006 797; x_wconf 81' lang='lat' dir='ltr'>solem</span> <span class='ocrx_word' id='word_1_38' title='bbox 1032 733 1121 797; x_wconf 84' lang='lat' dir='ltr'>silere</span> <span class='ocrx_word' id='word_1_39' title='bbox 1144 733 1201 816; x_wconf 78' lang='lat' dir='ltr'>aie,</span> 
     </span>
     <span class='ocr_line' id='line_1_7' title="bbox 249 819 1201 905; baseline 0.002 -22"><span class='ocrx_word' id='word_1_40' title='bbox 249 840 321 883; x_wconf 87' lang='lat' dir='ltr'>oum</span> <span class='ocrx_word' id='word_1_41' title='bbox 347 819 510 901; x_wconf 86' lang='lat' dir='ltr'>tenebras,</span> <span class='ocrx_word' id='word_1_42' title='bbox 541 821 579 883; x_wconf 93' lang='lat' dir='ltr'>ut</span> <span class='ocrx_word' id='word_1_43' title='bbox 605 819 733 902; x_wconf 80' lang='lat' dir='ltr'>opinor,</span> <span class='ocrx_word' id='word_1_44' title='bbox 764 822 797 882; x_wconf 88' lang='lat' dir='ltr'>et</span> <span class='ocrx_word' id='word_1_45' title='bbox 828 819 997 904; x_wconf 79' lang='lat' dir='ltr'>caliginem</span> <span class='ocrx_word' id='word_1_46' title='bbox 1025 820 1201 905; x_wconf 81' lang='lat' dir='ltr'>significes:</span> 
     </span>
     <span class='ocr_line' id='line_1_8' title="bbox 248 905 1201 992; baseline 0.002 -22"><span class='ocrx_word' id='word_1_47' title='bbox 248 927 371 990; x_wconf 83' lang='lat' dir='ltr'>vereor,</span> <span class='ocrx_word' id='word_1_48' title='bbox 393 927 434 970; x_wconf 89' lang='lat' dir='ltr'>ne</span> <span class='ocrx_word' id='word_1_49' title='bbox 456 907 576 970; x_wconf 85' lang='lat' dir='ltr'>imitari</span> <span class='ocrx_word' id='word_1_50' title='bbox 598 907 736 971; x_wconf 86' lang='lat' dir='ltr'>volueris</span> <span class='ocrx_word' id='word_1_51' title='bbox 749 905 961 992; x_wconf 82' lang='lat' dir='ltr'>Virgiliana²)</span> <span class='ocrx_word' id='word_1_52' title='bbox 977 908 1088 972; x_wconf 77' lang='lat' dir='ltr'>Duaue</span> <span class='ocrx_word' id='word_1_53' title='bbox 1109 909 1201 972; x_wconf 62' lang='lat' dir='ltr'>silem</span> 
     </span>
     <span class='ocr_line' id='line_1_9' title="bbox 249 993 1201 1073; baseline 0.002 -15"><span class='ocrx_word' id='word_1_54' title='bbox 249 995 307 1073; x_wconf 71' lang='lat' dir='ltr'>tio,</span> <span class='ocrx_word' id='word_1_55' title='bbox 331 998 363 1058; x_wconf 88' lang='lat' dir='ltr'>et</span> <span class='ocrx_word' id='word_1_56' title='bbox 385 995 419 1058; x_wconf 93' lang='lat' dir='ltr'>in</span> <span class='ocrx_word' id='word_1_57' title='bbox 447 1016 484 1059; x_wconf 89' lang='lat' dir='ltr'>eo</span> <span class='ocrx_word' id='word_1_58' title='bbox 506 993 659 1059; x_wconf 85' lang='lat' dir='ltr'>Politiani</span> <span class='ocrx_word' id='word_1_59' title='bbox 686 1017 824 1059; x_wconf 88' lang='lat' dir='ltr'>errorem</span> <span class='ocrx_word' id='word_1_60' title='bbox 854 999 980 1059; x_wconf 86' lang='lat' dir='ltr'>secutus</span> <span class='ocrx_word' id='word_1_61' title='bbox 1008 996 1060 1060; x_wconf 79' lang='lat' dir='ltr'>sie.</span> <span class='ocrx_word' id='word_1_62' title='bbox 1107 993 1201 1061; x_wconf 80' lang='lat' dir='ltr'>Certe</span> 
     </span>
     <span class='ocr_line' id='line_1_10' title="bbox 249 1083 1201 1166; baseline 0.003 -21"><span class='ocrx_word' id='word_1_63' title='bbox 249 1083 334 1146; x_wconf 87' lang='lat' dir='ltr'>enim</span> <span class='ocrx_word' id='word_1_64' title='bbox 358 1083 498 1165; x_wconf 84' lang='lat' dir='ltr'>silentia,</span> <span class='ocrx_word' id='word_1_65' title='bbox 525 1083 558 1146; x_wconf 92' lang='lat' dir='ltr'>id</span> <span class='ocrx_word' id='word_1_66' title='bbox 581 1085 631 1146; x_wconf 88' lang='lat' dir='ltr'>est</span> <span class='ocrx_word' id='word_1_67' title='bbox 648 1083 863 1166; x_wconf 81' lang='lat' dir='ltr'>conticinium,</span> <span class='ocrx_word' id='word_1_68' title='bbox 887 1105 954 1148; x_wconf 88' lang='lat' dir='ltr'>non</span> <span class='ocrx_word' id='word_1_69' title='bbox 976 1087 1012 1148; x_wconf 92' lang='lat' dir='ltr'>ut</span> <span class='ocrx_word' id='word_1_70' title='bbox 1034 1084 1088 1147; x_wconf 90' lang='lat' dir='ltr'>ille</span> <span class='ocrx_word' id='word_1_71' title='bbox 1111 1087 1201 1148; x_wconf 83' lang='lat' dir='ltr'>ratus</span> 
     </span>
     <span class='ocr_line' id='line_1_11' title="bbox 250 1170 1200 1254; baseline 0.004 -22"><span class='ocrx_word' id='word_1_72' title='bbox 250 1173 306 1252; x_wconf 88' lang='lat' dir='ltr'>est,</span> <span class='ocrx_word' id='word_1_73' title='bbox 329 1170 489 1254; x_wconf 79' lang='lat' dir='ltr'>tenebrae,</span> <span class='ocrx_word' id='word_1_74' title='bbox 513 1193 592 1254; x_wconf 85' lang='lat' dir='ltr'>ques</span> <span class='ocrx_word' id='word_1_75' title='bbox 615 1171 713 1235; x_wconf 83' lang='lat' dir='ltr'>efficit</span> <span class='ocrx_word' id='word_1_76' title='bbox 731 1172 869 1235; x_wconf 89' lang='lat' dir='ltr'>siderum</span> <span class='ocrx_word' id='word_1_77' title='bbox 893 1172 1083 1236; x_wconf 79' lang='lat' dir='ltr'>coniunctio.</span> <span class='ocrx_word' id='word_1_78' title='bbox 1114 1170 1200 1236; x_wconf 87' lang='lat' dir='ltr'>Nam</span> 
     </span>
     <span class='ocr_line' id='line_1_12' title="bbox 249 1257 1200 1344; baseline 0.004 -24"><span class='ocrx_word' id='word_1_79' title='bbox 249 1257 378 1321; x_wconf 80' lang='lat' dir='ltr'>Troiam</span> <span class='ocrx_word' id='word_1_80' title='bbox 392 1259 568 1340; x_wconf 87' lang='lat' dir='ltr'>plenilunio</span> <span class='ocrx_word' id='word_1_81' title='bbox 591 1261 717 1342; x_wconf 86' lang='lat' dir='ltr'>oaptam</span> <span class='ocrx_word' id='word_1_82' title='bbox 740 1280 809 1323; x_wconf 85' lang='lat' dir='ltr'>esse</span> <span class='ocrx_word' id='word_1_83' title='bbox 832 1263 967 1324; x_wconf 85' lang='lat' dir='ltr'>constet.</span> <span class='ocrx_word' id='word_1_84' title='bbox 1003 1258 1200 1344; x_wconf 81' lang='lat' dir='ltr'>Halcyonios</span> 
     </span>
     <span class='ocr_line' id='line_1_13' title="bbox 250 1345 1200 1432; baseline 0.004 -25"><span class='ocrx_word' id='word_1_85' title='bbox 250 1367 375 1429; x_wconf 91' lang='lat' dir='ltr'>quoque</span> <span class='ocrx_word' id='word_1_86' title='bbox 389 1345 504 1409; x_wconf 85' lang='lat' dir='ltr'>videris</span> <span class='ocrx_word' id='word_1_87' title='bbox 518 1367 631 1410; x_wconf 81' lang='lat' dir='ltr'>vocare</span> <span class='ocrx_word' id='word_1_88' title='bbox 645 1368 719 1410; x_wconf 86' lang='lat' dir='ltr'>aves</span> <span class='ocrx_word' id='word_1_89' title='bbox 741 1347 837 1430; x_wconf 87' lang='lat' dir='ltr'>ipsas.</span> <span class='ocrx_word' id='word_1_90' title='bbox 872 1346 982 1431; x_wconf 88' lang='lat' dir='ltr'>Vides,</span> <span class='ocrx_word' id='word_1_91' title='bbox 1004 1347 1083 1412; x_wconf 84' lang='lat' dir='ltr'>haee</span> <span class='ocrx_word' id='word_1_92' title='bbox 1102 1370 1200 1432; x_wconf 83' lang='lat' dir='ltr'>quam</span> 
     </span>
     <span class='ocr_line' id='line_1_14' title="bbox 248 1433 1200 1521; baseline 0.004 -25"><span class='ocrx_word' id='word_1_93' title='bbox 248 1433 331 1496; x_wconf 88' lang='lat' dir='ltr'>levia</span> <span class='ocrx_word' id='word_1_94' title='bbox 358 1433 424 1497; x_wconf 86' lang='lat' dir='ltr'>sint</span> <span class='ocrx_word' id='word_1_95' title='bbox 450 1454 608 1518; x_wconf 85' lang='lat' dir='ltr'>quamque</span> <span class='ocrx_word' id='word_1_96' title='bbox 636 1434 766 1516; x_wconf 86' lang='lat' dir='ltr'>pusilla:</span> <span class='ocrx_word' id='word_1_97' title='bbox 797 1456 893 1518; x_wconf 88' lang='lat' dir='ltr'>quae,</span> <span class='ocrx_word' id='word_1_98' title='bbox 922 1456 1002 1521; x_wconf 83' lang='lat' dir='ltr'>rogo</span> <span class='ocrx_word' id='word_1_99' title='bbox 1028 1439 1075 1518; x_wconf 88' lang='lat' dir='ltr'>te,</span> <span class='ocrx_word' id='word_1_100' title='bbox 1101 1436 1200 1500; x_wconf 91' lang='lat' dir='ltr'>utin</span> 
     </span>
     <span class='ocr_line' id='line_1_15' title="bbox 248 1521 1199 1606; baseline 0.003 -22"><span class='ocrx_word' id='word_1_101' title='bbox 248 1521 366 1585; x_wconf 85' lang='lat' dir='ltr'>bonam</span> <span class='ocrx_word' id='word_1_102' title='bbox 389 1525 515 1604; x_wconf 86' lang='lat' dir='ltr'>partem</span> <span class='ocrx_word' id='word_1_103' title='bbox 538 1521 674 1606; x_wconf 83' lang='lat' dir='ltr'>accipias</span> <span class='ocrx_word' id='word_1_104' title='bbox 698 1524 742 1606; x_wconf 89' lang='lat' dir='ltr'>et,</span> <span class='ocrx_word' id='word_1_105' title='bbox 770 1523 854 1606; x_wconf 90' lang='lat' dir='ltr'>quod</span> <span class='ocrx_word' id='word_1_106' title='bbox 876 1527 945 1586; x_wconf 88' lang='lat' dir='ltr'>tam</span> <span class='ocrx_word' id='word_1_107' title='bbox 968 1544 1038 1588; x_wconf 90' lang='lat' dir='ltr'>sero</span> <span class='ocrx_word' id='word_1_108' title='bbox 1063 1523 1103 1587; x_wconf 93' lang='lat' dir='ltr'>ad</span> <span class='ocrx_word' id='word_1_109' title='bbox 1125 1527 1199 1587; x_wconf 87' lang='lat' dir='ltr'>tuas</span> 
     </span>
     <span class='ocr_line' id='line_1_16' title="bbox 247 1609 1199 1695; baseline 0.004 -23"><span class='ocrx_word' id='word_1_110' title='bbox 247 1609 371 1673; x_wconf 74' lang='lat' dir='ltr'>litteras</span> <span class='ocrx_word' id='word_1_111' title='bbox 399 1609 621 1693; x_wconf 87' lang='lat' dir='ltr'>respondeam,</span> <span class='ocrx_word' id='word_1_112' title='bbox 649 1610 797 1695; x_wconf 79' lang='lat' dir='ltr'>ignosces</span> <span class='ocrx_word' id='word_1_113' title='bbox 826 1611 1087 1694; x_wconf 82' lang='lat' dir='ltr'>occupationibus</span> <span class='ocrx_word' id='word_1_114' title='bbox 1111 1612 1199 1676; x_wconf 79' lang='lat' dir='ltr'>meis</span> 
     </span>
     <span class='ocr_line' id='line_1_17' title="bbox 247 1696 1199 1782; baseline 0.002 -21"><span class='ocrx_word' id='word_1_115' title='bbox 247 1697 333 1782; x_wconf 80' lang='lat' dir='ltr'>Ego,</span> <span class='ocrx_word' id='word_1_116' title='bbox 361 1696 477 1781; x_wconf 88' lang='lat' dir='ltr'>Zoppi,</span> <span class='ocrx_word' id='word_1_117' title='bbox 504 1698 553 1762; x_wconf 88' lang='lat' dir='ltr'>vir</span> <span class='ocrx_word' id='word_1_118' title='bbox 580 1698 806 1782; x_wconf 87' lang='lat' dir='ltr'>eruditissime,</span> <span class='ocrx_word' id='word_1_119' title='bbox 834 1703 867 1763; x_wconf 90' lang='lat' dir='ltr'>et</span> <span class='ocrx_word' id='word_1_120' title='bbox 893 1701 954 1763; x_wconf 88' lang='lat' dir='ltr'>toti</span> <span class='ocrx_word' id='word_1_121' title='bbox 982 1699 1104 1763; x_wconf 85' lang='lat' dir='ltr'>civitati</span> <span class='ocrx_word' id='word_1_122' title='bbox 1131 1698 1199 1763; x_wconf 84' lang='lat' dir='ltr'>Ma-</span> 
     </span>
     <span class='ocr_line' id='line_1_18' title="bbox 249 1786 1199 1870; baseline 0.003 -22"><span class='ocrx_word' id='word_1_123' title='bbox 249 1786 406 1850; x_wconf 86' lang='lat' dir='ltr'>ceratensi</span> <span class='ocrx_word' id='word_1_124' title='bbox 429 1786 511 1849; x_wconf 86' lang='lat' dir='ltr'>bene</span> <span class='ocrx_word' id='word_1_125' title='bbox 534 1787 693 1850; x_wconf 87' lang='lat' dir='ltr'>exanimo</span> <span class='ocrx_word' id='word_1_126' title='bbox 717 1787 974 1870; x_wconf 85' lang='lat' dir='ltr'>eupiomihique</span> <span class='ocrx_word' id='word_1_127' title='bbox 998 1787 1199 1852; x_wconf 79' lang='lat' dir='ltr'>occasionem</span> 
     </span>
     <span class='ocr_line' id='line_1_19' title="bbox 248 1873 1199 1959; baseline 0.004 -23"><span class='ocrx_word' id='word_1_128' title='bbox 248 1876 324 1956; x_wconf 88' lang='lat' dir='ltr'>opto</span> <span class='ocrx_word' id='word_1_129' title='bbox 339 1873 480 1958; x_wconf 85' lang='lat' dir='ltr'>aliquam</span> <span class='ocrx_word' id='word_1_130' title='bbox 495 1873 571 1958; x_wconf 89' lang='lat' dir='ltr'>dari,</span> <span class='ocrx_word' id='word_1_131' title='bbox 595 1897 657 1958; x_wconf 88' lang='lat' dir='ltr'>qua</span> <span class='ocrx_word' id='word_1_132' title='bbox 679 1875 712 1937; x_wconf 91' lang='lat' dir='ltr'>id</span> <span class='ocrx_word' id='word_1_133' title='bbox 734 1895 768 1938; x_wconf 88' lang='lat' dir='ltr'>re</span> <span class='ocrx_word' id='word_1_134' title='bbox 791 1875 863 1957; x_wconf 88' lang='lat' dir='ltr'>ipsa</span> <span class='ocrx_word' id='word_1_135' title='bbox 885 1875 1045 1939; x_wconf 79' lang='lat' dir='ltr'>declarare</span> <span class='ocrx_word' id='word_1_136' title='bbox 1067 1876 1199 1959; x_wconf 91' lang='lat' dir='ltr'>possim,</span> 
     </span>
     <span class='ocr_line' id='line_1_20' title="bbox 247 1963 1198 2046; baseline 0.004 -23"><span class='ocrx_word' id='word_1_137' title='bbox 247 1965 280 2023; x_wconf 87' lang='lat' dir='ltr'>et</span> <span class='ocrx_word' id='word_1_138' title='bbox 306 1964 351 2044; x_wconf 89' lang='lat' dir='ltr'>te,</span> <span class='ocrx_word' id='word_1_139' title='bbox 379 1982 474 2045; x_wconf 89' lang='lat' dir='ltr'>quem</span> <span class='ocrx_word' id='word_1_140' title='bbox 500 1984 665 2046; x_wconf 89' lang='lat' dir='ltr'>nunquam</span> <span class='ocrx_word' id='word_1_141' title='bbox 687 1984 838 2046; x_wconf 85' lang='lat' dir='ltr'>praesens</span> <span class='ocrx_word' id='word_1_142' title='bbox 864 1967 1066 2046; x_wconf 84' lang='lat' dir='ltr'>praesentem</span> <span class='ocrx_word' id='word_1_143' title='bbox 1092 1963 1198 2027; x_wconf 88' lang='lat' dir='ltr'>videre</span> 
     </span>
     <span class='ocr_line' id='line_1_21' title="bbox 247 2049 1198 2135; baseline 0.003 -24"><span class='ocrx_word' id='word_1_144' title='bbox 247 2049 392 2132; x_wconf 87' lang='lat' dir='ltr'>memini,</span> <span class='ocrx_word' id='word_1_145' title='bbox 416 2049 573 2135; x_wconf 84' lang='lat' dir='ltr'>singulari</span> <span class='ocrx_word' id='word_1_146' title='bbox 594 2055 652 2115; x_wconf 88' lang='lat' dir='ltr'>tua</span> <span class='ocrx_word' id='word_1_147' title='bbox 675 2050 851 2115; x_wconf 87' lang='lat' dir='ltr'>eruditione</span> <span class='ocrx_word' id='word_1_148' title='bbox 872 2055 1049 2116; x_wconf 83' lang='lat' dir='ltr'>commotus</span> <span class='ocrx_word' id='word_1_149' title='bbox 1072 2052 1107 2114; x_wconf 92' lang='lat' dir='ltr'>in</span> <span class='ocrx_word' id='word_1_150' title='bbox 1126 2052 1198 2114; x_wconf 90' lang='lat' dir='ltr'>sinu</span> 
     </span>
     <span class='ocr_line' id='line_1_22' title="bbox 247 2137 1197 2221; baseline 0.002 -21"><span class='ocrx_word' id='word_1_151' title='bbox 247 2139 342 2221; x_wconf 84' lang='lat' dir='ltr'>atque</span> <span class='ocrx_word' id='word_1_152' title='bbox 360 2137 395 2201; x_wconf 90' lang='lat' dir='ltr'>in</span> <span class='ocrx_word' id='word_1_153' title='bbox 409 2138 510 2202; x_wconf 85' lang='lat' dir='ltr'>oeulis</span> <span class='ocrx_word' id='word_1_154' title='bbox 528 2138 605 2204; x_wconf 86' lang='lat' dir='ltr'>fero.</span> <span class='ocrx_word' id='word_1_155' title='bbox 641 2137 731 2203; x_wconf 84' lang='lat' dir='ltr'>Vale.</span> <span class='ocrx_word' id='word_1_156' title='bbox 745 2137 875 2202; x_wconf 90' lang='lat' dir='ltr'>Romae.</span> <span class='ocrx_word' id='word_1_157' title='bbox 890 2137 948 2202; x_wconf 93' lang='grc' dir='ltr'><strong>ΙΙΙ.</strong></span> <span class='ocrx_word' id='word_1_158' title='bbox 963 2137 1096 2202; x_wconf 83' lang='lat' dir='ltr'>Kalend.</span> <span class='ocrx_word' id='word_1_159' title='bbox 1111 2137 1197 2202; x_wconf 80' lang='lat' dir='ltr'>Sext,</span> 
     </span>
    </p>
   </div>
   <div class='ocr_carea' id='block_1_3' title="bbox 319 2327 579 2468">
    <p class='ocr_par' dir='ltr' id='par_1_3' title="bbox 319 2327 579 2468">
     <span class='ocr_line' id='line_1_23' title="bbox 321 2327 579 2396; baseline 0 -13"><span class='ocrx_word' id='word_1_160' title='bbox 321 2329 340 2396; x_wconf 90' lang='lat'>¹)</span> <span class='ocrx_word' id='word_1_161' title='bbox 358 2330 390 2383; x_wconf 89' lang='lat' dir='ltr'>In</span> <span class='ocrx_word' id='word_1_162' title='bbox 408 2327 579 2383; x_wconf 86' lang='lat' dir='ltr'>Trinummo.</span> 
     </span>
     <span class='ocr_line' id='line_1_24' title="bbox 319 2398 557 2468; baseline -0.008 -15"><span class='ocrx_word' id='word_1_163' title='bbox 319 2398 340 2468; x_wconf 74' lang='lat'>¹)</span> <span class='ocrx_word' id='word_1_164' title='bbox 358 2398 426 2454; x_wconf 87' lang='lat' dir='ltr'>Aen.</span> <span class='ocrx_word' id='word_1_165' title='bbox 445 2399 479 2453; x_wconf 91' lang='lat' dir='ltr'>H.</span> <span class='ocrx_word' id='word_1_166' title='bbox 498 2403 557 2453; x_wconf 76' lang='lat'>255.</span> 
     </span>
    </p>
   </div>
   <div class='ocr_carea' id='block_1_4' title="bbox 0 0 1334 3914">
    <p class='ocr_par' dir='ltr' id='par_1_4' title="bbox 0 0 1334 3914">
     <span class='ocr_line' id='line_1_25' title="bbox 0 0 1334 3914; baseline 0 1"><span class='ocrx_word' id='word_1_167' title='bbox 0 0 1334 3914; x_wconf 95' lang='lat' dir='ltr'> </span> 
     </span>
    </p>
   </div>
  </div>
 </body>
</html>
