2658 3914
483 210 602 266 CAPUT
620 211 690 266 LIII.
1000 210 1061 273 187

103 356 195 418 teret.
231 353 311 417 Eius
326 357 434 416 autem
447 352 623 418 Alexandri
637 353 667 418 S.
682 354 881 418 Athanasius
901 375 1064 419 successor

103 440 175 504 fuit.
228 438 341 525 Neque
374 441 519 505 absimile
547 443 609 525 est,
641 443 726 526 quod
753 442 792 506 de
820 440 851 506 S.
880 441 1063 523 Ambrosio,

104 527 268 611 Episcopo
291 529 537 613 Mediolanensi,
567 528 598 594 S.
621 529 789 613 Paulinus,
815 529 963 594 Nolanus
986 528 1062 612 Epi-

106 637 236 700 scopus,
267 617 440 682 memoriae
467 618 621 702 prodidit,
654 641 726 682 eum
760 616 863 682 adbuc
894 618 1063 701 puerulum

106 705 238 768 solitum
261 727 330 769 esse
354 705 446 789 quasi
468 727 526 788 per
546 706 654 770 iocum
676 728 791 770 manus
812 705 975 769 sororibus
998 704 1063 768 suis

106 793 297 856 osculandas
330 794 419 874 dare,
451 813 524 857 cum
552 793 771 858 sacerdotibus
804 814 876 855 eum
907 792 1064 856 honorem

106 879 148 942 ab
170 879 235 943 illis
256 879 355 942 tribui
368 879 501 944 videret:
525 902 602 944 nam
625 902 659 944 se
679 879 852 963 aliquando
866 879 1063 964 Episcopum

104 967 184 1031 fore.

461 1156 605 1224 CAPUT
628 1158 713 1223 LIII.

104 1275 272 1332 IUCUNDA
289 1276 479 1333 NARRATIO
495 1277 612 1332 SUPER
625 1277 879 1333 AMBIGUITATE
893 1277 1063 1333 VOOULAE

105 1363 302 1432 CUIUSDAM,
317 1363 414 1429 QUAE
424 1365 569 1420 DUOBUS
579 1366 847 1421 ERUDITISSIMIS
861 1366 1064 1422 HOMINIBUS

407 1452 586 1508 ERROREM
605 1451 758 1510 OBIEOIT.

173 1575 416 1661 Interpretabar
428 1599 532 1660 nuper
553 1578 679 1661 publice
693 1578 810 1642 librum
825 1576 979 1658 Senecae,
1002 1598 1066 1660 quo

106 1669 239 1730 sanctus
261 1666 315 1728 ille
337 1664 550 1748 philosophus
573 1665 710 1746 quaerit,
739 1686 835 1748 quare
863 1664 949 1728 mala
971 1664 1065 1728 bonis

105 1753 184 1817 viris
209 1753 368 1836 accidant,
395 1772 468 1816 cum
496 1752 539 1815 sit
560 1749 775 1816 Providentia.
825 1749 969 1834 Cumque
991 1773 1066 1815 ven-

105 1845 177 1905 tum
205 1845 290 1904 esset
317 1840 358 1904 ad
385 1861 457 1903 eam
483 1837 655 1925 partem1),
682 1840 717 1903 in
740 1860 803 1924 qua
829 1839 898 1922 ipse
927 1839 1067 1922 graviter

105 1929 285 1992 insectatur
306 1929 417 1992 luxum
430 1931 614 2010 temporum
629 1949 772 2010 suorum,
795 1925 924 2010 accidit,
945 1929 983 1990 ut
1006 1947 1066 2010 ego

106 2037 237 2100 quoque
268 2016 303 2079 in
338 2037 375 2079 eo
407 2017 478 2080 loco
509 2015 678 2079 tractando
714 2035 933 2079 enumerarem
964 2015 1067 2078 multa

106 2123 229 2187 genera
255 2102 497 2186 peregrinarum
525 2103 647 2185 avium,
675 2124 754 2186 quas
781 2105 905 2166 veteres
927 2101 1067 2166 Romani

106 2212 124 2254 e
147 2190 374 2254 remotissimis
396 2191 496 2254 totius
520 2191 607 2254 orbis
636 2191 782 2274 partibus
804 2189 922 2272 petitas
946 2189 1066 2254 mensis

105 2277 221 2342 inferri
243 2277 332 2342 soliii
355 2282 470 2341 essent.
505 2277 606 2341 Venit
620 2278 661 2341 ad
683 2299 733 2340 me
756 2277 863 2342 triduo
885 2280 962 2359 post
983 2298 1066 2340 unus

106 2385 236 2440 eorum,
259 2364 406 2444 quitum
435 2364 662 2449 interfuerant,
688 2366 785 2430 homo
809 2368 842 2428 et
869 2384 927 2429 suo
950 2364 1067 2428 iudicio

106 2448 361 2530 eruditissimus,
388 2452 421 2512 et
447 2472 518 2515 meo
545 2474 613 2517 non
639 2453 826 2518 ineruditus.
875 2451 971 2537 Isque
995 2474 1067 2517 cum

107 2537 275 2621 aliquota
298 2535 510 2601 familiaribus
538 2541 765 2606 maismacum
787 2562 853 2606 una
880 2561 949 2604 esse
973 2540 1067 2606 vidis·

106 2628 172 2707 set,
201 2622 441 2687 dissimulanter
468 2625 607 2710 quidem,
635 2629 690 2693 sed
717 2630 764 2692 ita
789 2633 899 2692 tamen
928 2632 965 2693 ut
993 2629 1068 2692 arti·

104 2713 217 2777 ficium
232 2714 415 2794 appareret,
424 2711 535 2794 ,coepit
548 2735 678 2797 operam
693 2717 775 2798 dare,
789 2719 826 2780 ut
840 2737 944 2780 sermo
957 2719 1069 2780 noster

105 2800 181 2864 aliis
205 2799 364 2862 derebus
392 2803 559 2883 susceptus
585 2802 621 2866 in
647 2805 843 2867 mentionem
871 2802 939 2865 eius
962 2803 1069 2885 dispu·
1106 2816 1113 2825 “

104 2887 252 2969 tationis,
275 2907 357 2969 quae
380 2887 487 2950 triduo
502 2891 576 2951 ante
599 2912 619 2953 a
640 2911 691 2954 me
714 2891 825 2954 habita
848 2891 925 2970 erat,
949 2889 1069 2952 sensim

105 2975 320 3040 delaberetur.
366 2971 449 3035 Tum
476 2976 569 3057 quasi
596 2978 797 3042 occasionem
819 2978 934 3040 nactus
962 2979 1067 3040 osten-

104 3063 228 3128 tandae
257 3058 448 3123 eruditionis
476 3081 568 3126 suae:
595 3062 737 3147 Nollem,
760 3064 879 3148 inquit,
903 3084 922 3126 a
943 3066 976 3126 te
998 3066 1069 3128 tum

103 3147 372 3235 praetermissam
399 3147 494 3210 unius
521 3150 588 3214 avis
615 3152 824 3234 mentionem,
852 3171 890 3214 cx
919 3172 982 3235 qua
1004 3172 1070 3215 una

104 3235 312 3321 iuexplebilis
326 3237 471 3298 veterum
485 3235 583 3302 libido
605 3239 640 3302 in
654 3238 820 3322 exquisitis
839 3238 976 3321 dapibus
996 3260 1069 3302 con-

105 3324 273 3411 quirendis
312 3322 364 3386 vel
400 3321 537 3386 maxime
574 3326 725 3410 cognosci
760 3329 897 3410 poterat.
956 3324 1069 3401 Quam,

181 3513 201 3584 ¹)
222 3513 257 3567 de
275 3510 387 3566 Provid.
406 3527 430 3566 e.
449 3517 475 3570 3.
