2656 3910
496 243 727 300 neisnomx.
1055 247 1096 312 13

139 387 292 472 gratulor,
314 407 417 470 paene
436 387 533 454 etiam
556 387 758 473 subinvide03
780 410 871 456 meus
885 390 972 459 enim
994 412 1014 456 e
1035 413 1096 476 me,

138 495 214 628 3⁶⁰².
230 479 268 540 ut
288 479 377 560 puto,
398 475 568 630 rediturus,
590 476 681 630 '1¹de
681 475 857 632 dimitiis
857 481 1095 632 1(Ιῃιοῒοοιιεὶἰίο,

139 583 514 738 esttenete,
535 585 971 722 nttssenlnnltn
991 589 1096 742 let:

139 743 268 824 patruo,
295 740 331 805 in
352 739 410 806 illo
431 746 540 806 eutem
561 763 581 806 a
604 761 656 807 me
677 742 758 827 ipso.
804 741 898 810 Suesi
920 744 1018 810 etism
1039 767 1096 831 po-

139 827 214 892 tius.
250 827 372 894 Contra
394 830 602 914 voluntatem,
624 831 759 917 inquies,
782 835 817 897 et
836 833 1012 899 iudicium?
1044 833 1097 900 sie

139 937 226 980 sum:
250 921 391 982 evertere
415 940 435 982 o
456 940 508 984 me
530 919 627 1003 volui,
649 941 731 1004 quoe
745 924 875 1004 poteret
896 922 1022 1005 exoriri,
1045 944 1096 988 su·

141 1003 317 1088 spicionem
339 1006 489 1072 utilitatis
517 1011 550 1072 et
572 1008 732 1073 commodi
754 1009 826 1074 mei.
871 1007 1023 1075 Clausuls
1046 1011 1097 1096 sit,

141 1092 228 1176 quod
249 1093 378 1158 initium
400 1095 555 1178 epistolae
576 1096 647 1161 fuit
679 1095 862 1162 Restitutus
884 1097 966 1162 mihi
987 1097 1098 1164 videor

63 1173 68 1180 ’
140 1179 280 1246 inventis
294 1178 412 1248 Catulli
434 1183 535 1268 foliis3
557 1187 594 1248 tu
608 1205 734 1272 quoque
756 1185 824 1250 redi
838 1185 879 1251 ed
900 1191 992 1252 tuem
1009 1191 1096 1253 tren·

141 1269 334 1354 quillitetem
355 1292 415 1338 nee
436 1271 622 1338 institutum
644 1274 766 1340 omitte.
793 1272 883 1341 Vele.

538 1432 699 1444 ———

599 1519 639 1585 X.

331 1644 379 1721 n.
407 1645 651 1720 Annonms
677 1643 903 1722 nmmos
994 1737 997 1740 ,

588 1763 603 1806 S
623 1763 645 1804 1>

459 1850 581 1907 PAULO
599 1849 778 1910 MANUTIO.

277 1979 379 2058 Quom
394 1998 495 2060 paene
514 1979 625 2058 furvae
645 1996 741 2062 reone
762 1977 967 2062 Proserpinae

275 2067 322 2133 El
341 2067 529 2132 tudensem
549 2065 684 2130 vedimus
705 2066 895 2151 AeaoomNJ

142 2191 232 2258 Licet
258 2192 344 2256 enim
370 2191 437 2254 iam
459 2209 572 2253 oenone
599 2187 731 2272 depulso
753 2190 851 2252 metu.
896 2185 958 2254 Sed
980 2193 1100 2275 tomen,
1222 2254 1227 2260 ,

143 2281 297 2367 quidquid
321 2279 406 2344 dicet
427 2298 507 2362 puer
519 2274 862 2363 Lepidi,·negligentis
882 2275 985 2361 ipsius
1008 2277 1099 2362 origo

142 2369 238 2434 huius
251 2367 417 2434 molestiae
435 2366 511 2449 fuis
534 2365 651 2451 quode
668 2365 749 2430 meis
767 2364 927 2430 hesternis
949 2363 1066 2431 litteris
1072 2365 1099 2452 ²)

144 2457 252 2543 aliqua
274 2479 314 2521 ex
334 2459 426 2541 perte
448 2453 629 2539 intelligere
642 2453 786 2537 potuisti.
814 2451 877 2519 Sed
896 2455 1025 2540 quondo
1046 2476 1099 2520 res

144 2545 249 2609 omnis
271 2544 307 2609 in
332 2543 415 2609 vodo
443 2545 506 2627 est,
528 2543 717 2620 desinamus,
744 2544 782 2606 ut
803 2540 890 2627 illel)
919 2543 977 2629 ait,
996 2564 1098 2626 quere-

144 2633 256 2700 larum.
286 2631 405 2697 Alexin
426 2633 463 2695 tu
485 2631 565 2695 mihi
586 2629 733 2696 invides?
763 2628 811 2694 At
830 2629 912 2696 mihi
933 2653 1100 2717 nunquam

143 2722 179 2786 in
201 2724 342 2786 mentem
355 2719 453 2804 venit,
475 2722 512 2783 ut
525 2719 677 2785 Tironem
697 2717 760 2782 tibi
772 2718 958 2784 inviderem.
988 2719 1034 2784 Et
1045 2720 1100 2786 hio

9 2846 14 2862 ι
143 2809 254 2874 Alexis
280 2810 350 2893 ipse
377 2829 475 2894 quam
502 2806 557 2871 diu
578 2810 654 2872 tuus
680 2805 763 2871 fuit?
809 2805 1011 2893 Quemquam
1031 2829 1100 2874 non

143 2898 236 2963 video
259 2896 420 2983 equidem,
441 2895 495 2961 hio
517 2916 574 2960 our
586 2893 698 2960 Alexis
722 2894 858 2977 dicatum
890 2897 1100 2980 nequeenim

144 3006 205 3070 ego
228 3007 267 3049 ex
294 2986 404 3050 eadem
433 2983 543 3049 sehola
570 3005 654 3066 sum,
682 3002 721 3046 ex
743 3003 808 3065 que
829 2981 1042 3066 Pomponius:
1067 2987 1101 3048 et

143 3073 198 3139 ille
225 3074 306 3138 alter
332 3073 511 3138 studiorum
536 3073 667 3134 tuorum
694 3070 799 3134 sooius
825 3068 894 3134 iure
921 3091 958 3136 eo
984 3070 1099 3136 merito

143 3161 233 3246 Tiro,
265 3161 320 3246 qui
353 3161 467 3226 aetatis
498 3161 628 3224 nostres
659 3155 806 3224 Oioeroni
837 3178 969 3241 operam
1001 3158 1099 3226 deret.

144 3247 247 3325 Quem
269 3272 289 3314 o
309 3254 343 3314 te
366 3248 550 3314 discessisse
576 3246 678 3331 ipsius
702 3267 799 3311 oeuss
821 3246 928 3316 doleo:
954 3250 1013 3313 tue
1033 3270 1100 3314 non

215 3439 236 3543 ζ)
255 3441 322 3496 Hor.
341 3440 431 3496 earm.
448 3439 484 3494 II.
504 3445 546 3492 18.
565 3444 599 3492 21
617 3455 640 3496 s.

216 3513 236 3650 ’Ξ
254 3511 467 3640 fiirildeffll.
486 3585 511 3634 9.
532 3584 573 3634 17.
