2656 3910
212 206 255 272 10
551 206 664 263 EPIST.
682 207 741 263 VH.
761 205 833 264 VIIL

654 385 720 451 VII

460 491 646 586 ramos
672 510 922 586 narraras

492 647 530 702 M.
545 645 711 702 ANTONIO
725 645 878 705 MURETO

277 771 327 840 Tu
349 773 434 856 ride,
457 771 509 841 oui
531 774 715 858 credideris,
741 795 819 838 nam
841 773 883 838 ad
904 793 956 858 mo
978 771 1167 846 nulladum

209 863 335 946 perlata
363 864 440 928 sunt
462 859 582 933 Catilli
607 863 701 945 folia3
729 882 812 947 quae
839 862 868 927 ei
893 861 1030 944 periere,
1057 860 1168 926 damni

209 950 332 1016 foetum
359 953 410 1016 est
436 970 474 1016 eo
499 951 587 1034 plne,
619 950 705 1035 quod
731 971 792 1014 neo
818 949 859 1013 ad
885 949 954 1034 illa,
982 969 1064 1034 qnae
1091 951 1169 1014 eunt

211 1038 296 1122 apud
318 1041 365 1122 te,
391 1038 467 1104 lieet
488 1038 664 1122 transilire,
687 1037 947 1122 quandoquidem
974 1037 1052 1104 ordo
1075 1036 1168 1102 folio-

210 1148 283 1192 rum
304 1149 372 1190 non
395 1129 553 1210 servatur,
580 1148 640 1192 nee
666 1126 788 1212 pagina
814 1125 952 1211 paginae
975 1146 1035 1192 neo
1056 1145 1167 1190 versus

210 1215 317 1278 versui
338 1215 520 1297 respondet.
565 1214 679 1300 Itaque
701 1234 855 1299 magnam
881 1213 1050 1298 utriusque
1071 1233 1169 1278 eausa

212 1303 355 1368 sustineo
373 1303 556 1369 molestiam
569 1323 752 1387 vereorque,
774 1323 824 1386 ne,
839 1301 924 1386 quod
947 1301 1052 1369 aliena
1074 1299 1169 1384 eulpa

211 1393 413 1455 contractum
440 1393 501 1474 eet,
528 1390 625 1456 nimis
653 1409 714 1476 ego
740 1389 775 1456 id
801 1390 942 1475 graviter
968 1391 1070 1472 lnam3
1097 1391 1169 1454 tota

212 1479 298 1542 enim
324 1477 558 1563 typographiae
584 1478 669 1544 ratio
695 1481 838 1543 mutetur
863 1499 993 1544 neeesse
1015 1480 1077 1560 eet,
1103 1475 1170 1542 nisi

210 1565 298 1650 haee,
322 1587 403 1651 quae
416 1587 458 1632 ne
476 1566 620 1632 funditus
642 1566 825 1633 interierint
846 1586 1041 1651 magnopere
1059 1565 1168 1647 timeo,

210 1653 306 1719 hodie
328 1655 406 1719 folia
427 1659 665 1739 recuperantur.
702 1653 794 1731 Quod
816 1654 941 1720 utinam
964 1675 1004 1718 ex
1024 1653 1093 1724 hae.
1108 1652 1167 1718 dif-

211 1743 366 1824 fioultate,
392 1743 547 1828 inquam
575 1744 680 1808 aliena
706 1744 757 1808 vel
785 1742 931 1808 socordia
957 1743 1009 1807 vel
1035 1741 1170 1825 perfidia

212 1832 373 1896 coniectus
402 1853 486 1915 eum,
512 1834 588 1895 tuae
619 1853 671 1896 me
698 1831 809 1902 literae
836 1830 987 1913 eripiant,
1019 1851 1099 1915 quae
1126 1828 1170 1894 ad

211 1939 300 1984 meas
331 1919 498 1984 heetemas
530 1940 600 1984 oras
632 1921 781 2003 exspecto
809 1921 842 1984 et
873 1918 914 1984 ad
944 1918 1004 1984 has
1035 1917 1168 1984 omnino

212 1997 371 2092 perendie.
399 2005 490 2073 Vale.
517 2005 672 2072 Venetiia

610 2167 771 2178 ...—

646 2252 737 2318 vm.

407 2379 456 2454 M.
483 2377 726 2452 ANTONIUS
753 2375 978 2452 MURETUS

659 2514 682 2557 Β.
694 2515 723 2556 1).

531 2601 653 2658 PAULO
670 2601 850 2658 MANUTIO.

280 2727 388 2795 Ardeo
410 2728 584 2813 iracundia,
606 2750 644 2794 eo
658 2729 772 2814 magis,
795 2728 881 2814 quod
898 2749 1018 2814 vereor,
1039 2750 1081 2794 ne
1104 2730 1170 2794 oul-

214 2839 290 2902 pam
313 2839 383 2884 esse
405 2818 441 2882 in
462 2838 514 2881 me
528 2817 670 2902 aliquam
690 2820 795 2901 putes,
818 2839 900 2901 quae
913 2817 1003 2882 nulla
1026 2821 1083 2883 eet
1115 2815 1172 2884 Dii
1310 2841 1317 2854 ·

214 2905 1172 3080 mattamttnlattttttlttlt

214 3104 300 3147 nuno
323 3083 400 3168 quid
422 3103 517 3170 agam
541 3085 598 3148 aut
616 3082 694 3168 quid
716 3082 855 3167 cogitem
877 3085 934 3148 ant
947 3082 1024 3168 quid
1046 3082 1172 3150 consilii

215 3171 341 3253 oapiam
363 3171 438 3235 scio.
489 3168 628 3245 Quartus
651 3171 703 3234 hio
726 3172 778 3234 est
799 3169 880 3254 dies,
903 3192 976 3236 oum
998 3171 1055 3234 illa
1078 3170 1171 3255 quin·

216 3278 277 3342 que
304 3257 396 3342 folia,
428 3278 564 3342 quorum
595 3278 647 3321 me
678 3258 750 3341 ipsa
780 3257 959 3324 recordatio
992 3257 1174 3344 dieomoiat‚

214 3345 390 3410 tabellariis
409 3345 485 3409 data
507 3348 591 3410 aunt.
620 3342 682 3410 Sed
703 3344 894 3432 nescioquo
917 3346 995 3430 fato,
1016 3346 1174 3412 insciente

215 3455 280 3516 me,
303 3455 376 3498 oum
399 3437 522 3498 ceterae
545 3434 671 3498 litterae
698 3455 789 3498 meae
811 3437 899 3498 reeta
923 3435 1054 3500 domum
1076 3435 1117 3500 ad
1139 3439 1174 3500 te

215 3521 302 3585 mitti
329 3523 481 3606 solerent,
507 3521 569 3586 hae
596 3521 713 3586 missae
741 3521 782 3585 ad
808 3521 979 3587 tabernam
1006 3523 1174 3588 librariam
