2658 3914
241 199 304 262 134
615 199 698 255 VAR.
717 199 819 255 LECT.

237 343 403 408 haesitans
436 344 530 408 nobis
564 344 766 427 stupentibus
798 344 946 409 reddidit.
988 346 1113 411 Deinde
1150 349 1192 412 ab

238 432 352 497 ultimo
366 433 523 514 incipiens
547 453 674 496 sursum
687 454 797 497 versus
820 433 967 516 pervenit
989 434 1029 498 ad
1042 436 1192 518 primum.

238 519 361 583 Rursus
393 521 448 604 ita,
484 524 520 583 ut
549 520 698 602 primum,
728 521 867 601 tertium,
899 522 1048 605 quintum
1080 545 1117 586 ac
1145 526 1192 589 sie

239 602 387 690 deinceps
402 607 510 672 omnia
523 607 650 672 diceret.
682 607 752 682 Quo
775 608 912 692 denique
936 610 1069 694 quisque
1083 611 1191 676 volue-

238 698 290 758 rat
312 695 432 779 ordine,
454 696 523 759 sine
546 695 612 760 ullo
636 717 741 760 errore
765 697 874 760 omnia
896 697 1062 762 referebat.
1098 699 1190 764 Idem

238 787 364 866 postea,
387 805 460 847 cum
483 784 513 846 ei
535 783 600 847 iam
622 782 811 848 familiarior
833 785 937 849 faetus
960 807 1073 870 essem,
1096 809 1191 871 saepe

238 875 386 954 expertus
409 893 636 956 usquequaque
654 893 766 936 verum
790 873 992 955 deprehendi.
1023 873 1097 957 Ipse
1110 877 1193 940 mihi

214 960 409 1043 'aliquando
447 959 634 1043 affirmavit,
671 962 704 1024 et
734 963 804 1024 erat
835 961 876 1025 ab
916 962 1005 1024 omni
1035 963 1192 1028 iactantia

238 1047 462 1130 alienissime,
499 1069 532 1111 se
561 1047 697 1132 triginta
729 1069 783 1111 sex
818 1049 921 1112 millia
951 1051 1119 1114 nominum
1152 1073 1190 1118 eo

237 1137 332 1201 modo
347 1136 480 1199 recitare
502 1157 606 1218 posse.
643 1135 797 1219 Quodque
821 1137 1041 1201 admirabilius
1064 1143 1122 1222 est,
1144 1140 1191 1204 ita

236 1222 414 1286 haerebant
449 1223 558 1287 omnia
586 1225 620 1287 in
652 1225 774 1306 animo,
809 1227 847 1288 ut
881 1224 932 1288 vel
962 1229 1038 1308 post
1069 1248 1191 1292 annum
1247 1238 1251 1246 “

237 1310 357 1374 diceret
392 1331 439 1392 se,
472 1331 679 1394 quaeeunque
715 1312 887 1376 memoriae
925 1314 1190 1398 commendasset,

236 1399 370 1463 minimo
384 1399 515 1482 negotio
530 1399 749 1481 repetiturum.
781 1399 853 1484 Ego
868 1403 952 1464 certe
972 1411 1047 1484 post
1069 1403 1189 1468 multos

237 1487 317 1570 dies,
350 1487 437 1550 facto
464 1487 619 1570 periculo,
650 1508 762 1551 verum
789 1489 938 1570 comperi.
983 1488 1096 1573 Neque
1126 1490 1189 1556 hoc

237 1575 325 1639 satis.
371 1573 602 1638 Diversabatur
629 1575 714 1658 apud
743 1596 795 1638 me
818 1574 1009 1641 Franciscus
1036 1576 1188 1663 MolinuS,

236 1663 390 1746 patricius
426 1662 580 1746 Venetus,
616 1662 802 1727 adolescens
839 1665 1033 1747 optimarum
1070 1669 1188 1730 artium

235 1752 352 1815 studiis
374 1751 505 1814 mirifice
529 1751 663 1834 deditus,
686 1751 750 1834 qui,
772 1773 844 1815 cum
859 1772 893 1815 se
906 1753 1061 1817 memoria
1074 1776 1189 1837 parum

233 1840 328 1903 firma
357 1860 426 1903 esse
455 1840 597 1922 sentiret,
624 1841 727 1904 oravit
752 1839 924 1923 hominem,
952 1841 1001 1905 uti
1024 1863 1057 1904 se
1085 1845 1188 1907 artem

235 1927 326 1990 illam
358 1927 493 1991 doceret.
542 1925 606 1990 Vix
635 1927 820 1991 ostenderat
852 1949 886 1992 se
918 1928 951 1991 id
982 1929 1076 2012 velle,
1113 1951 1185 1994 curn

236 2012 386 2079 Corsicus
401 2036 530 2097 operam
546 2015 575 2078 ei
589 2037 680 2079 suam
693 2016 907 2098 prolixissime
921 2016 1042 2080 detulit,
1072 2017 1187 2083 Dictus

237 2105 287 2166 cst
307 2103 406 2184 locus,
430 2103 514 2167 dieta
535 2103 622 2186 hora,
645 2104 686 2167 ad
700 2126 796 2188 quam
815 2104 956 2187 quotidie
970 2105 1185 2170 convenirent.

235 2189 389 2256 Nondum
420 2213 476 2255 sex
503 2194 559 2255 aut
590 2193 713 2274 septem
745 2191 812 2255 dies
839 2192 997 2276 abierant,
1029 2215 1101 2258 cum
1133 2195 1187 2258 ille

236 2301 363 2364 quoque
386 2279 467 2343 alter
488 2279 621 2343 nomina
653 2279 789 2362 amplius
818 2280 995 2364 quingenta
1022 2281 1090 2345 sine
1121 2282 1188 2345 ulla

237 2367 503 2447 difficultateaut
526 2367 646 2448 eodem,
669 2369 725 2429 aut
747 2387 936 2451 quocunque
960 2369 1022 2432 alio
1041 2369 1188 2434 libuisset

237 2455 347 2518 ordine
381 2454 554 2536 repetebat.
599 2453 688 2517 Haeo
714 2474 774 2538 ego
804 2455 857 2517 vix
888 2455 1037 2519 auderem
1071 2457 1187 2522 litteris

235 2542 379 2625 prodere,
400 2541 558 2604 mendacii
581 2541 794 2625 suspicionem
817 2561 974 2626 reverens,
996 2545 1059 2608 nisi
1082 2549 1114 2608 et
1136 2566 1187 2610 res

237 2629 342 2692 adhue
363 2649 474 2693 recens
497 2631 582 2693 esset
604 2666 646 2674 —
669 2630 813 2694 nondum
836 2631 922 2694 enim
945 2653 1049 2696 annus
1073 2636 1121 2696 est
1144 2670 1187 2680 —

236 2721 269 2782 et
291 2716 461 2782 Nicolaum
484 2716 729 2801 Lippomanum,
760 2717 850 2781 Petri
871 2717 1046 2786 Alexandri
1076 2721 1188 2804 filium,

236 2806 393 2870 Lazarum
434 2804 647 2888 Moeenicum,
682 2803 847 2870 Francisci
881 2806 996 2890 filium,
1031 2807 1188 2872 Ioannem

237 2894 451 2978 Malipetrum,
478 2892 605 2958 Nicolai
627 2894 737 2977 filium,
764 2893 939 2978 Georgium
962 2893 1188 2980 Conterenum,

236 2982 401 3048 Laurentii
414 2983 525 3066 filium,
547 2982 699 3065 patricios
713 2981 865 3067 Venetos
888 2984 1027 3065 optimos
1046 2988 1078 3046 et
1096 2983 1187 3048 nobi-

236 3071 377 3136 lissimos
401 3071 629 3154 adolescentes,
651 3070 795 3154 aliosque
818 3073 984 3153 praeterea
1005 3071 1188 3135 innumera-

236 3158 317 3222 biles
345 3158 412 3221 eius
439 3159 486 3221 rei
511 3161 610 3221 testes
641 3157 806 3241 haberem,
837 3179 857 3221 a
883 3159 1013 3242 quibus,
1045 3159 1072 3222 si
1099 3178 1189 3223 men·

235 3246 323 3327 tirer,
346 3245 521 3308 vanitatem
537 3265 642 3309 meam
660 3245 791 3330 coargui
812 3246 940 3310 nollem.
976 3245 1089 3310 Artem
1112 3269 1189 3312 vero

236 3333 326 3397 illam
341 3331 489 3397 Oorsicus
513 3333 672 3415 accepisse
690 3354 723 3396 se
738 3333 864 3397 dicebat
886 3334 927 3397 ab
941 3334 1070 3398 homine
1086 3333 1189 3418 Gallo,

238 3444 301 3505 quo
324 3442 404 3504 puer
426 3419 601 3484 domestico
628 3425 833 3503 praeceptore
861 3443 939 3486 usus
966 3425 1058 3486 esset.
1104 3421 1190 3486 Huic

236 3529 297 3594 ego
332 3531 374 3573 ne
406 3529 444 3572 ex
480 3507 671 3591 antiquitate
708 3508 851 3593 quidem,
889 3531 983 3595 quem
1018 3531 1190 3594 opponam,
