2658 3914
131 265 135 276 ·
234 230 301 296 208
344 285 346 290 ,
612 229 694 284 VAR.
714 228 815 284 LEOT.

237 376 277 439 ab
301 395 339 438 eo
362 373 507 456 discessi,
533 373 569 437 in
591 373 713 455 libello,
744 393 838 457 quem
859 374 931 437 tum
953 372 1037 436 forte
1060 373 1095 436 in
1119 373 1196 438 sinu
1306 391 1307 394 ’

236 463 416 548 gestabam,
439 461 599 526 annotari.
645 460 737 524 Nthl
752 460 900 541 protestet,
923 479 984 525 esce
1004 460 1143 540 alr’puem
1167 466 1198 526 et

237 552 385 632 optc'mum
406 550 508 614 virum
530 554 559 612 et
583 568 646 613 seca
673 549 821 630 eptimam
843 547 1028 630 Principem.
1074 545 1196 629 Optan-

237 640 294 703 duc
316 642 361 702 est
381 637 525 713 meditere,
548 644 601 716 qm?
622 636 790 716 ailqcaudc
812 636 986 718 aegrotarit.
1023 634 1098 700 Non
1115 637 1197 700 satie

237 729 328 806 uptus
351 723 792 806 estadrependostcmirees,
814 723 929 805 quiet
950 721 1125 787 dominatus
1147 743 1195 800 ea,
1306 757 1307 768 κ

237 833 315 894 quae
336 817 410 877 suut
434 831 531 892 supra
551 812 719 888 hominem,
741 811 842 893 emisit.
890 810 1025 876 Macros
1046 809 1194 887 amnes,

237 900 358 964 sisela
383 900 557 964 innocente
584 903 664 964 latos
688 898 774 978 facit.
827 897 943 980 Ooqitet
969 897 1025 980 qai
1052 899 1195 979 imperat,
1306 939 1307 956 t

238 990 385 1068 quomodo
411 987 470 1052 sati
496 987 571 1051 olim
592 987 671 1052 ulios
693 988 844 1068 temerare
864 986 1013 1050 voluisset.
1058 984 1195 1068 Deinde,

239 1076 331 1159 quasi
355 1096 427 1138 eum
450 1075 565 1158 ipsum,
588 1074 626 1137 de
650 1096 713 1158 quc
736 1095 841 1138 sermo
864 1077 945 1156 erat,
968 1073 1195 1156 alloqueretur,

240 1162 328 1241 Quod
349 1168 391 1240 ta,
413 1162 528 1246 iuquit,
551 1162 629 1226 aiios
645 1166 806 1243 praestare
818 1179 881 1225 eoa
897 1180 987 1241 posse
1000 1162 1136 1238 miraris,
1160 1161 1198 1224 id

239 1256 267 1312 te
288 1251 347 1315 alii
363 1255 524 1331 praestare
542 1269 630 1330 posse
651 1250 816 1313 mirantur.
865 1247 904 1313 Si
924 1249 1001 1329 quid
1021 1252 1196 1329 tacitoque

239 1337 314 1401 olim
336 1337 395 1400 tace
415 1337 527 1416 scritti,
548 1339 666 1418 mansee
688 1342 717 1400 et
737 1338 819 1414 alies,
841 1341 878 1400 ut
897 1338 1035 1418 muctam
1054 1340 1100 1400 est
1121 1335 1195 1399 titi:

238 1425 290 1489 sa'n
311 1423 404 1501 eiad,
427 1425 536 1505 capita,
558 1444 621 1488 nou
634 1425 759 1488 eandem
771 1444 793 1487 a
809 1423 877 1488 Deo
890 1425 996 1488 datam
1009 1443 1071 1488 esce
1092 1425 1194 1488 omni-

239 1512 294 1576 bus
316 1513 417 1576 enimi
438 1512 624 1593 firmitatem.
667 1509 728 1590 Qua·
749 1513 792 1576 ad
811 1513 935 1576 minora
952 1506 1078 1594 peccata
1098 1512 1194 1575 inter-

239 1601 313 1664 dum
343 1601 502 1664 connivere
527 1619 590 1665 ucn
621 1599 698 1676 cult,
729 1619 816 1680 saepe
841 1601 885 1664 cd
909 1601 1032 1664 amima
1056 1598 1196 1663 homines

240 1688 324 1769 cepit.
379 1688 480 1752 Aliud
504 1688 581 1752 ultio
608 1692 663 1765 est,
690 1687 780 1752 aliud
804 1688 952 1752 correctio.
1000 1686 1061 1766 Qui
1086 1687 1195 1752 eleuci

239 1775 316 1852 eall,
339 1776 439 1840 iratus
462 1780 521 1840 est:
543 1776 597 1856 qui
618 1775 777 1857 cmripere,
799 1776 925 1840 amine.
970 1775 1032 1839 Ille
1048 1793 1118 1840 eum
1138 1775 1195 1855 pai

237 1864 383 1943 peccavit,
405 1883 469 1928 aaa
490 1863 626 1944 amptius
647 1881 709 1927 esse
729 1863 811 1928 cult:
833 1863 883 1927 tic
902 1881 964 1928 esse
985 1863 1119 1944 quadem,
1141 1862 1196 1926 sed
1296 1873 1307 1944 ¹,

239 1969 302 2014 acu
333 1951 468 2032 arreptius
499 1951 591 2015 telem
621 1969 690 2015 esse.
745 1950 819 2014 Noa
843 1955 919 2014 aaut
945 1950 1072 2030 ferecides
1098 1950 1192 2025 citam·

239 2039 292 2102 sed
320 2038 375 2118 qai
399 2038 522 2104 nullum
547 2039 658 2103 cilium
681 2038 755 2117 fert,
780 2038 903 2102 nullam
928 2037 1081 2102 homiuem
1107 2037 1193 2116 feret.

239 2123 329 2189 Haec
352 2126 492 2208 optimus
520 2129 553 2190 et
574 2126 672 2209 longo
698 2147 805 2189 rerum
827 2145 887 2188 usu
910 2124 1192 2188 exercitatissimus

241 2233 351 2295 senex3
374 2235 456 2296 quae
478 2218 634 2297 tanquam
652 2214 781 2277 oracula
799 2211 956 2296 quaedam
978 2212 1077 2276 fuisse
1099 2231 1194 2276 even·

239 2304 292 2364 tus
315 2301 383 2383 ipse
406 2305 520 2384 postea
542 2301 657 2366 docuit.

597 2489 741 2558 CAPUT
763 2489 846 2556 LXI.

239 2609 337 2665 UNUS
351 2609 422 2666 PRO
436 2609 617 2679 MILLIBUS,
631 2611 656 2666 A
669 2609 881 2666 DEMOCRITO
896 2609 1042 2666 PRIMUM
1054 2609 1193 2666 DIOTUM

649 2697 783 2754 VIDERI.

306 2821 382 2888 Non
404 2823 632 2908 numerandas,
655 2824 711 2888 sed
732 2823 956 2907 ponderandas
975 2843 1044 2888 esse
1068 2825 1192 2887 senten-

241 2913 317 2996 tias,
341 2933 435 2996 saepe
459 2934 479 2976 a
506 2912 706 2996 sapientibus
730 2912 934 2989 dictumest,
961 2911 1125 2995 plurisque
1147 2909 1192 2974 fa·

241 3001 388 3065 ciendum
411 3022 480 3066 esse
503 3001 599 3066 unius
626 3000 732 3084 gravis
756 3003 789 3064 et
815 2999 938 3064 cordati
959 2998 1021 3064 viri
1042 2998 1190 3063 iudicium

241 3111 338 3173 quam
360 3089 544 3172 imperitam
566 3088 818 3170 multitudinem,
841 3088 892 3152 cui
914 3086 1045 3171 probari
1067 3107 1105 3150 ac
1127 3087 1192 3168 pla-

241 3197 311 3240 cere
339 3178 416 3241 clim
443 3199 464 3239 a
490 3177 602 3259 peritis
634 3176 764 3240 musicis
792 3178 1018 3260 argumentum
1047 3173 1193 3238 habitum

241 3266 290 3327 est
311 3267 531 3345 κακοτεχνίας.
575 3263 627 3328 Ex
649 3284 712 3351 quc
735 3263 897 3345 proditum
920 3263 1017 3326 etiam
1040 3265 1090 3326 est
1111 3262 1193 3325 litte·

240 3350 284 3415 ris
312 3350 480 3432 Periclem,
508 3351 537 3414 si
563 3350 691 3434 quando
719 3350 926 3433 plaudentem
954 3349 1016 3414 sibi
1043 3370 1194 3414 coronam

241 3438 375 3521 videret,
401 3441 543 3502 metuere
571 3437 714 3520 solitum,
745 3458 787 3500 ne
817 3438 893 3520 quid
924 3441 1101 3521 peccasset,
1132 3459 1192 3502 neu

241 3525 318 3608 quid
349 3527 422 3608 plus
454 3525 599 3590 minusve
631 3524 765 3588 dixisset
795 3545 892 3609 quam
924 3525 1102 3608 oportebat.
1152 3525 1195 3590 ut
