2658 3914
246 170 309 234 128
615 173 699 227 VAR.
718 171 821 228 Lucu.

243 315 278 378 in
306 316 452 380 oratione
484 315 635 380 adversus
666 314 867 401 Philoneml)
899 317 960 382 hoo
992 318 1100 384 modo:
1132 317 1200 384 Καὶ

243 397 307 487 γὰρ
332 399 485 486 olorinae
508 399 570 487 μὲν
593 407 727 468 πολῖταί
747 405 821 486 εἰσι,
845 400 960 490 γνώμῃ
986 401 1023 470 δὲ
1045 406 1200 490 χρῶνται,

243 485 289 566 ὡς
311 491 399 554 πᾶσα
422 491 464 574 νῆ
487 488 604 574 πατρὶς
628 486 741 566 αὐτοῖς
765 491 870 574 ἐστιν,
900 491 936 555 ἐν
959 481 980 599 ᾗ
1004 485 1047 558 ἂν
1069 490 1110 557 τὰ
1135 492 1200 558 ἐπι-

243 574 357 661 τήδεια
381 580 511 661 ἔχωσιν,
536 569 630 643 οὗτοι
654 579 754 682 δῆλοί
774 581 870 662 εἰσιν,
894 574 945 645 ὅτι
967 576 1020 663 dv,
1043 579 1201 665 παρέντες

242 662 280 729 τὸ
304 665 362 748 τῆς
384 663 510 742 πόλεως
532 662 649 731 κοινὸν
672 662 816 749 αγαθὸν,
840 664 892 732 ἐπὶ
909 664 946 733 τὸ
968 665 1096 733 ἑαυτῶν
1110 670 1200 734 ἴδιον

242 750 359 837 κέρδος
388 755 536 836 ἔλθοιεν,
569 749 625 818 διὰ
652 750 689 820 τὸ
718 749 763 839 μὴ
792 751 854 838 τὴν
879 751 994 837 πόλιν,
1027 750 1110 820 ἀλλὰ
1136 751 1200 840 τὴν

243 834 364 904 οὐσίαν
399 843 541 926 πατρίδα
578 837 691 918 αὑτοῖς
727 837 893 926 ἡγεῖσθαι.
941 841 1046 927 Igitur
1079 844 1198 908 dietum

242 928 321 991 illud
348 927 462 992 Teucri
493 929 614 995 bonum
647 930 775 1017 quidem
802 931 906 995 virum
935 932 1107 1016 aliquando
1134 933 1198 996 for-

241 1018 328 1080 tasse
354 1038 421 1081 non
444 1016 607 1082 dedeceat:
635 1018 756 1083 bonum
780 1023 864 1082 certe
887 1019 988 1083 oirem
1010 1041 1077 1084 non
1100 1020 1198 1084 decet.

241 1101 305 1167 Est
328 1105 413 1185 apud
437 1103 585 1170 Ovidium
593 1103 619 1191 ²)
647 1106 807 1171 sententia
834 1107 991 1190 quaedam
1017 1129 1084 1171 non
1106 1108 1198 1171 valde

241 1191 419 1274 dissimilis,
446 1191 510 1256 nisi
538 1194 624 1276 quod
650 1194 747 1258 latius
774 1197 871 1277 patet.
921 1193 973 1258 Ita
999 1195 1086 1258 enim
1112 1195 1198 1279 apud

242 1298 314 1342 eum
337 1277 522 1344 Carmenta:

279 1389 375 1456 Omne
397 1393 496 1458 solum
516 1393 594 1473 forti
609 1395 721 1474 patrio
742 1399 798 1472 est,
820 1398 857 1458 at
872 1395 1010 1476 puellm
1032 1415 1153 1477 ααααον,
1189 1479 1190 1484 ¹

358 1481 399 1546 Ut
419 1481 543 1560 ννῑαανν,
565 1501 659 1546 νααιν
681 1481 828 1564 quioquid
847 1483 883 1546 ia
906 1484 975 1549 orbe
991 1487 1085 1566 potet.

242 1600 325 1668 Sunt
347 1607 455 1667 autem
477 1604 500 1668 ii
522 1625 633 1668 versus
658 1604 799 1688 expressi
822 1626 862 1668 ex
883 1605 947 1670 illis
965 1603 1197 1692 Euripideis⁵):

342 1722 446 1802 Ἅπας
468 1723 530 1809 μὲν
553 1720 617 1810 ἀὴρ
641 1720 724 1814 ἀετῷ
747 1723 940 1811 aetatepos-

343 1809 472 1879 Ἅπασα
496 1810 534 1878 di
555 1809 651 1898 χθὼν
674 1808 774 1898 ἀνδρὶ
796 1819 940 1902 γενναίῳ
962 1819 1087 1901 πατρίς.

490 1972 492 1976 ’
591 2005 735 2073 olrur
757 2006 847 2072 viu.

319 2116 510 2172 CICERONIS
529 2115 646 2172 Locus
665 2117 687 2172 E
706 2117 894 2173 DINARCHO
913 2117 1118 2174 EXPRESSUS

600 2204 841 2261 OSTENDITUR.

307 2311 350 2378 M.
369 2311 509 2377 Tullium
532 2314 566 2378 in
588 2312 793 2378 Orationibus
817 2311 883 2374 suis
905 2311 1008 2375 multa
1030 2333 1046 2376 e
1067 2309 1195 2377 Graecis

242 2401 422 2464 oratoribus
454 2404 635 2466 mutuatum
667 2420 736 2462 esse
768 2402 907 2483 constat,
938 2420 1042 2484 neque
1068 2403 1197 2466 tantum

243 2488 376 2572 artificii,
400 2510 463 2573 quo
482 2489 555 2555 illos
574 2489 609 2552 in
622 2485 785 2551 versandis
800 2508 837 2551 ao
850 2487 999 2572 regendis
1014 2489 1196 2553 auditorum

242 2576 358 2640 animis
386 2599 461 2641 usos
489 2599 558 2641 esse
585 2575 791 2659 perspiceret,
819 2596 924 2640 aerem
951 2598 988 2641 ae
1010 2577 1197 2660 diligentem

242 2665 440 2728 imitatorem
462 2665 569 2746 fuisse,
592 2684 702 2728 verum
725 2662 823 2726 etiarn
845 2663 973 2748 integra
994 2685 1061 2728 non
1082 2685 1197 2748 parum

243 2774 338 2836 saepe
384 2753 623 2837 enthymemata
667 2750 795 2815 illorum
839 2750 874 2813 in
916 2751 1077 2816 orationes
1122 2774 1197 2816 suas

242 2841 456 2906 transtulisse.
505 2839 599 2905 Iuvat
626 2843 734 2903 autem
761 2860 826 2920 me,
859 2841 1017 2923 quatenus
1045 2839 1132 2922 licet,
1164 2839 1197 2903 id

243 2931 412 2996 observare
434 2927 648 3014 profiteorque
670 2948 722 2990 me
745 2947 783 2990 ex
798 2927 954 2991 eiusmodi
967 2928 1109 2992 looorum
1124 2948 1197 2990 oon·

241 3019 386 3083 tentione
419 3018 615 3101 singularem
644 3015 805 3100 quandam
833 3036 980 3100 eamque,
1012 3019 1049 3079 ut
1075 3014 1197 3097 opinor,

241 3126 346 3188 neque
381 3104 582 3186 illiberalem,
619 3125 722 3187 neque
758 3103 859 3186 frugis
892 3106 1053 3185 expertem
1086 3122 1197 3184 capere

243 3192 351 3256 animo
379 3192 585 3272 voluptatem.
625 3191 670 3254 Et
693 3191 768 3275 quia
790 3211 829 3254 ex
851 3210 922 3254 meo
946 3210 1042 3254 sensu
1065 3189 1104 3255 de
1126 3188 1197 3253 aliis

316 3347 335 3415 ¹)
354 3363 419 3416 pag.
439 3351 498 3400 era.
517 3343 612 3399 Βαίας.
657 3327 663 3343 ‘

315 3416 636 3556 diffildssillo'n.
655 3481 762 3538 Nauck
