2656 3910
483 234 663 290 EPISTOLA
680 236 776 290 LXXI.
1067 234 1110 298 95
1158 232 1163 248 ¹

155 378 284 442 crambe
308 378 384 461 quid
399 379 507 443 audire
530 380 641 444 soleat.
678 377 741 443 Sed
763 401 832 444 non
844 399 977 462 possum
994 378 1110 456 facere,

156 466 234 551 quin
256 466 317 530 tibi
346 466 472 531 assidue
500 467 620 550 aliquid
648 467 755 531 oneris
782 467 956 549 imponam.
1001 463 1109 530 Ardeo

154 553 336 618 incredibili
358 555 495 638 quadam
519 555 693 638 cupiditate
720 555 794 619 libri
816 554 981 620 cuiusdam
1008 576 1109 618 asma·

154 644 225 706 tum
248 640 402 726 Cypriani
423 641 529 721 Roris,
552 643 608 728 qui
631 645 747 726 quotus
771 643 823 727 sit,
843 643 966 707 nescio:
995 642 1050 706 sed
1073 663 1111 706 ea

156 730 251 814 signa
282 730 357 795 huic
388 731 542 815 epistolae
575 731 756 809 subiiciam,
790 753 828 795 ex
860 731 975 816 quibus
1007 730 1111 814 facile,

156 818 234 900 quid
261 819 370 897 velim,
397 819 536 903 intelligi
562 819 674 901 possit.
723 818 772 884 Ac
799 819 885 901 vide,
912 822 1110 902 quantopere

156 909 213 968 tua
240 905 395 972 facilitate
423 908 546 972 abutar.
595 906 702 971 Velim
730 911 762 970 te
792 910 824 971 et
850 927 907 988 per
934 908 966 970 te
995 910 1028 970 et
1053 927 1111 989 per
1161 909 1164 913 ’

158 993 278 1058 amicos
311 1015 441 1077 operam
469 995 560 1078 dare,
591 998 628 1059 ut
660 1015 732 1058 eum
760 994 900 1078 reperias
932 997 965 1056 et
992 993 1033 1056 ad
1059 1015 1111 1056 me

157 1081 282 1160 mittas,
304 1082 467 1165 precibus,
491 1083 609 1165 pretio,
632 1103 761 1166 quoquo
784 1082 889 1146 modo.
933 1081 1010 1146 Meo
1031 1081 1112 1144 nibil

156 1169 257 1249 refert,
281 1170 328 1233 ait
349 1170 535 1234 adolescens
553 1170 607 1234 ille
627 1169 847 1252 Terentianus,
871 1171 946 1234 dccc
962 1170 1077 1250 potior.
1085 1166 1110 1253 ¹)

158 1255 309 1322 Levicula
330 1280 381 1322 res
404 1258 505 1324 videri
526 1261 648 1341 potest3
672 1258 728 1322 sed
741 1261 851 1322 tamen
864 1277 1018 1342 magnum
1032 1255 1112 1320 mihi

159 1349 232 1408 ate
257 1346 399 1411 officium
424 1347 582 1411 tributum
608 1346 743 1430 putabo,
771 1347 799 1410 si
821 1346 904 1411 hanc
930 1345 1112 1409 molestiam

158 1455 229 1496 mea
252 1455 365 1498 caussa
393 1435 552 1519 suscipere
580 1456 617 1498 ac
645 1435 797 1501 deuorare
824 1456 891 1499 non
919 1433 1112 1519 gravaberis.

157 1519 229 1584 Hoc
256 1521 356 1605 igitur
382 1523 430 1586 ita
452 1545 472 1586 a
493 1526 526 1586 te
553 1526 642 1605 pete,
669 1525 706 1586 ut
734 1522 897 1586 ardentius
926 1543 964 1585 ac
991 1521 1111 1584 maiore

159 1607 266 1672 studio
292 1611 413 1692 petere,
440 1609 502 1674 hoc
529 1610 656 1691 quidem
683 1613 841 1691 tempore,
872 1609 955 1672 nibil
981 1608 1112 1691 possim.

159 1694 234 1774 Fer,
269 1717 388 1781 quaeso
417 1699 463 1774 te,
499 1695 561 1760 hoc
590 1697 737 1779 ineptum
769 1696 909 1760 studium
941 1717 1048 1758 meum
1080 1699 1114 1757 et

160 1784 277 1868 amico,
306 1783 398 1868 quasi
426 1783 620 1868 aegrotanti,
652 1784 835 1869 obsequere.
888 1782 974 1847 Ama
1003 1804 1053 1846 me
1081 1785 1114 1845 et

159 1872 374 1936 valetudinem
410 1874 500 1936 tuam
536 1893 620 1936 cura
679 1871 811 1937 Romae.
846 1889 915 1936 mv.
948 1871 1020 1934 Kal.
1053 1869 1112 1935 Iul.

159 1978 339 2025 nnnxxxn.

558 2065 708 2075 ———-

580 2176 686 2242 LXXI

350 2297 398 2369 Μ.
426 2295 668 2368 ANTONIUS
696 2293 919 2368 MURETUS

208 2413 485 2470 ILLUSTRISSIMO
505 2413 592 2469 VIRO
611 2412 763 2468 IULIANO
783 2409 1070 2466 ARCHIEPISCOPO

372 2509 693 2566 MED101EP1800P0
713 2509 907 2565 ALBICIINSI

591 2607 613 2650 S.
626 2609 651 2648 P.
664 2608 694 2648 Ι).

231 2695 270 2760 In
290 2699 424 2762 summis
443 2698 616 2783 doloribus,
640 2698 755 2782 quibus
773 2699 913 2762 vexabar
932 2720 970 2762 ex
988 2699 1115 2782 ingenti

164 2785 303 2869 quadam
321 2787 354 2849 vi
373 2787 475 2851 flavae
489 2785 573 2869 bilis,
597 2807 678 2870 quae
694 2787 748 2850 diu
761 2808 819 2870 per
832 2789 936 2850 totam
951 2786 1114 2850 sinistram

165 2874 307 2956 corporis
339 2875 403 2938 mei
433 2878 558 2956 partem
589 2878 735 2959 grassata
771 2874 902 2937 tandem
934 2874 969 2937 in
1001 2874 1114 2936 tibiam

166 2959 331 3023 sinistram
357 2963 427 3024 tota
455 2960 662 3045 decubuerat,
690 2963 805 3026 allatae
833 2961 913 3024 mihi
942 2963 1018 3024 sunt
1041 2983 1060 3024 a
1081 2966 1114 3024 te

164 3047 301 3128 litterae,
322 3047 456 3130 Iuliane,
478 3046 612 3111 Praesul
631 3050 836 3134 amplissime,
857 3052 997 3113 veterem
1015 3049 1115 3131 illam,

166 3158 229 3220 qua
256 3135 358 3200 vincis
383 3155 509 3219 omnes,
536 3135 770 3201 humanitatem
792 3141 882 3202 tuam
906 3137 1114 3220 singularem-

165 3246 226 3308 que
250 3245 401 3308 amorem,
425 3244 520 3310 quem
543 3243 620 3308 erga
642 3247 693 3288 me
711 3226 775 3289 iam
794 3227 917 3308 pridem
937 3225 1115 3309 suscepisti,

165 3313 254 3376 omni
278 3334 316 3376 ex
338 3317 430 3396 parte
450 3313 624 3396 spirantes:
648 3335 729 3397 quae
744 3314 823 3377 mihi
837 3314 1031 3378 levationem
1047 3312 1115 3396 qui-

165 3401 237 3464 dem
264 3400 405 3484 aliquam
433 3399 552 3466 doloris
581 3403 772 3483 attulerunt,
798 3423 903 3487 neque
930 3404 1042 3465 tamen
1068 3401 1115 3462 ita

239 3556 397 3622 ι)111111.ΙΙ.
416 3562 441 3625 3,
460 3564 502 3612 28.
