2656 3910
195 205 257 270 102
507 203 687 260 EPISTOLA
705 205 828 260 LXXIV.

190 371 334 434 unquam
353 371 421 415 esse
440 351 540 413 ullam
558 349 597 413 de
615 371 687 414 mea
705 370 782 434 erga
805 353 838 414 te
860 349 930 434 tibi,
952 354 989 415 ut
1007 352 1145 418 arbitror

190 459 258 502 non
289 438 455 522 incognita
485 438 651 502 voluntate
680 437 933 502 deminutionem
965 440 1143 522 suspiceris.

192 525 241 590 Sit
262 526 363 611 igitur
384 525 446 590 hoo
468 525 553 590 inter
574 546 635 589 nos
653 525 803 609 positum,
826 546 867 590 ne
882 528 964 590 alter
977 527 1018 590 ab
1033 529 1144 612 altero,

191 615 276 697 quod
300 614 406 677 minus
429 634 524 696 saepe
547 613 670 677 litteras
694 614 838 698 accipiat,
861 614 969 679 minus
992 615 1090 680 etiam
1109 638 1142 681 se

191 702 293 765 amari
307 704 406 784 putet
438 700 533 764 Nune
548 701 588 764 ad
602 705 714 765 cetera.
742 699 791 764 De
805 699 956 767 Federioo
971 700 1143 788 Silburgio,

191 789 246 874 qui
278 810 328 853 me
357 788 419 853 sibi
447 789 601 872 quasdam
628 789 663 852 in
689 787 972 854 Halicarnasseum
1000 793 1034 855 et
1062 791 1142 857 alios

189 879 284 941 notas
311 877 490 960 pollicitum
517 897 586 941 esse
615 877 675 960 ait,
704 877 773 941 fieri
801 878 929 962 quidem
956 881 1077 962 potest,
1106 883 1144 945 ut

189 966 236 1028 ita
259 965 314 1048 sit3
341 987 446 1049 neque
469 985 529 1049 ego
553 965 591 1028 de
614 985 667 1048 eo,
690 986 785 1048 quem
807 969 843 1029 tu
866 969 899 1028 et
922 966 1142 1032 doctissimum

191 1057 224 1116 et
254 1053 523 1117 humanissimum
555 1073 623 1117 esse
651 1053 777 1135 scribis,
810 1052 985 1138 quidquam
1012 1056 1141 1139 sequius

190 1141 346 1224 suspicari
370 1141 484 1205 debeo:
509 1140 564 1204 sed
586 1144 705 1224 tamen,
729 1140 814 1224 quod
835 1141 920 1204 inter
941 1162 1002 1206 nos
1021 1142 1142 1207 dietum

190 1229 245 1312 sit,
267 1249 371 1312 neque
394 1227 538 1292 Federioi
559 1229 660 1311 ipsius
682 1229 828 1311 memini,
850 1249 954 1312 neque
975 1251 1028 1296 me
1051 1231 1141 1314 quid-

189 1337 286 1399 quem
301 1317 367 1380 eius
381 1316 508 1399 generis
525 1316 673 1400 ouiquam
689 1315 849 1381 Germano
865 1317 1043 1400 pollicitum
1062 1339 1140 1383 esse.

189 1403 243 1488 Et,
264 1407 302 1467 ut
314 1425 425 1469 verum
438 1403 550 1485 fatear,
562 1405 783 1488 typographus
797 1405 860 1488 ille,
874 1426 970 1489 quem
983 1406 1141 1490 nominas,

187 1492 325 1575 pessime
339 1491 392 1556 hio
404 1491 567 1576 religionis
579 1492 710 1555 nomine
725 1493 822 1575 audit,
834 1495 872 1557 ut
884 1493 1058 1576 quidquam
1067 1515 1140 1558 oum

188 1601 226 1644 eo
248 1579 366 1644 habere
390 1580 571 1644 oommereii
588 1601 691 1662 neque
715 1580 794 1644 satis
811 1582 917 1644 tutum
934 1601 1039 1664 neque
1060 1582 1140 1646 satis

187 1668 277 1751 pium
296 1689 366 1732 esse
384 1667 537 1732 videatur.
575 1666 740 1752 Oogitabis
754 1667 815 1733 hoo
827 1669 897 1751 ipse
910 1671 1017 1732 tecum
1030 1671 1140 1752 paullo

188 1757 366 1820 accuratius
389 1777 516 1840 meque,
539 1757 567 1820 si
588 1755 622 1820 id
644 1756 728 1819 tanti
745 1755 889 1838 putabis,
912 1756 989 1839 quid
1002 1757 1051 1820 tui
1064 1778 1140 1821 eon·

189 1843 252 1907 silii
276 1865 312 1908 ao
336 1845 513 1908 sententiae
538 1844 592 1926 sit,
621 1843 816 1908 admonebis.
862 1843 967 1908 Venio
989 1865 1076 1908 nuno
1099 1845 1139 1909 ad

187 1932 334 1995 ultimam
357 1932 511 2014 epistolae
533 1934 608 1994 tuae
630 1934 763 2013 partem,
786 1932 820 1994 in
843 1953 907 2016 qua
929 1932 1078 1996 omnibus
1101 1954 1140 1996 ex

187 2020 334 2103 partibus
357 2040 425 2083 sese
447 2023 522 2083 tuus
544 2019 598 2082 ille
622 2039 716 2102 saepe
740 2022 902 2102 spectatus
923 2020 956 2082 in
978 2041 1029 2084 me
1048 2041 1140 2084 amor

188 2107 336 2172 ostendit.
390 2106 483 2183 Quod
511 2107 558 2170 ais
593 2107 687 2171 istius
713 2106 933 2172 nobilissimae
966 2108 1104 2171 civitatis
1113 2106 1137 2194 ¹)

171 2197 395 2280 ‚magistratus
419 2215 513 2278 saepe
537 2195 575 2258 de
599 2216 649 2258 me
672 2195 706 2258 in
730 2193 854 2279 Sigonii
875 2195 937 2258 τοῦ
954 2199 1138 2280 μακαρίτου

187 2284 294 2348 locum
315 2283 459 2349 vocando
483 2304 520 2346 ao
545 2281 768 2346 substituendo
792 2283 964 2367 cogitasse,
987 2283 1042 2347 sed
1065 2305 1139 2348 oum

188 2373 319 2454 seirent,
344 2370 503 2455 quomodo
526 2369 578 2432 hio
600 2389 651 2432 res
673 2390 764 2433 meae
787 2371 980 2434 constitutae
1004 2392 1041 2435 ao
1063 2391 1138 2435 eon·

186 2460 348 2523 stabilitae
372 2459 445 2539 sint,
468 2459 607 2540 putasse,
630 2477 681 2520 me
703 2478 771 2521 non
793 2457 886 2522 faeile
910 2458 950 2522 ad
973 2479 1045 2523 eam
1063 2479 1137 2524 oon-

187 2546 342 2611 ditionem
374 2543 591 2628 aecipiendam
623 2545 737 2609 adduei
764 2566 873 2629 posse3
906 2547 1020 2631 quodsi
1047 2568 1137 2630 spem

187 2634 328 2718 aliquam
356 2633 525 2696 ostendero
553 2633 695 2697 muneris
721 2633 808 2697 illius
834 2654 902 2698 non
930 2634 1137 2718 detrectandi,

157 2797 159 2801 ι
187 2725 220 2785 et
232 2723 320 2805 ipsos
336 2720 448 2805 cupide
462 2720 603 2784 fauturos
618 2721 735 2804 omnia,
757 2724 791 2784 et
803 2724 836 2785 te
850 2720 992 2786 studiose
1007 2743 1138 2806 operam

187 2810 349 2892 daturum,
375 2811 413 2873 ut
438 2807 471 2872 id
499 2829 595 2892 quam
618 2809 758 2872 maximo
781 2829 853 2873 meo
877 2810 1045 2874 commodo
1068 2811 1138 2875 liat:

186 2899 325 2981 primum
347 2898 448 2980 video,
471 2899 627 2981 quantum
649 2897 697 2960 illi
715 2896 973 2979 splendidissimo
992 2898 1137 2964 ethono-

185 2987 348 3051 ratissimo
376 2985 434 3049 XL
460 2986 565 3049 virum
593 2983 726 3049 oonsilio
754 2983 901 3068 debeam,
930 2985 985 3068 qui
1012 2985 1051 3049 de
1078 3005 1139 3069 me,

186 3073 317 3138 homine
335 3075 426 3138 nulla
443 3073 560 3136 eximia
578 3071 758 3137 eruditione
776 3072 930 3155 praedito,
952 3075 1021 3136 tam
1038 3073 1139 3137 hono·

185 3161 310 3224 rifieum
327 3160 480 3224 iudicium
497 3159 644 3241 leoerint3
669 3159 781 3222 deinde
803 3160 876 3243 tibi,
899 3159 1039 3244 Pompili
1062 3161 1139 3224 ami-

186 3249 321 3329 cissime,
342 3248 393 3311 rel
415 3246 477 3310 hoo
499 3266 564 3308 uno
586 3247 716 3310 nomine
735 3248 783 3310 ita
801 3268 870 3312 esse
883 3269 935 3312 me
950 3249 1139 3314 obstrictum

187 3357 224 3400 ao
248 3333 432 3400 devinaum
455 3352 606 3417 agnosco,
628 3336 666 3398 ut
687 3337 794 3399 tecum
815 3357 958 3420 unquam
980 3337 1072 3420 paria
1093 3337 1140 3399 fa-

260 3525 278 3594 ¹)
299 3524 488 3580 Bononiensis.
