2656 3910
430 281 438 304 ,
460 234 641 292 onerem
658 237 754 291 rxrx.
1042 237 1085 302 93

129 378 254 463 Pyrene
276 383 355 463 pota
376 377 666 466 faciebatpobtas)
690 381 726 445 in
748 381 917 446 consilium
932 382 970 445 de
986 383 1084 446 maxi

130 467 193 532 mis
215 467 311 532 rebus
335 467 518 552 adhibetur,
548 468 709 552 supercilii
733 489 769 533 ac
793 469 908 552 capitis
930 473 1022 534 motu
1046 470 1083 535 de

130 555 262 618 maximi
284 556 441 620 momenti
454 557 603 640 negotiis,
625 557 753 620 nemine
776 556 910 641 ridente,
935 556 1085 622 decernit.

130 642 234 726 Alius,
257 643 346 708 cuius
360 664 455 708 mane
479 644 594 708 exituri
617 644 735 709 atrium
750 644 898 710 cohortes
921 645 1086 710 clientium

131 730 337 810 obsidebant,
374 732 463 796 cuius
500 753 593 796 aures
629 733 777 814 precibus
815 733 1086 818 obtundebantur,

130 839 247 883 manus
262 819 378 885 osculis
392 820 650 903 conterebantur,
673 821 714 884 ab
737 820 787 903 iis,
810 842 891 904 quos
914 843 1019 905 nuper
1032 822 1086 885 ad-

132 909 244 990 spectu
274 907 405 986 beabat,
441 908 635 973 insalutatus
672 909 875 992 praeteritur.
928 906 988 973 Oui
1019 931 1087 973 non

132 995 211 1059 haec
233 1017 319 1060 nova
341 998 374 1059 et
396 995 585 1060 admiranda
611 995 803 1060 videantur?
840 993 902 1060 Sed
929 996 1009 1059 haee
1033 997 1088 1080 qui

132 1083 304 1166 mirantur,
331 1104 499 1166 nunquam
528 1084 573 1148 eis
601 1084 687 1167 quod
714 1083 872 1148 mirentur
904 1083 1088 1148 defuturum

133 1174 191 1236 est.
236 1171 358 1236 Vetera
385 1174 475 1254 sunt,
502 1171 690 1255 quotidiana
718 1174 806 1256 sunt,
835 1172 980 1236 obsoleta
1003 1175 1088 1236 sunt.

132 1258 210 1323 Non
231 1262 300 1323 tam
321 1259 505 1323 mirandum
528 1261 591 1342 est,
614 1259 699 1342 quod
722 1261 885 1344 eveniant,
909 1281 1006 1345 quam
1029 1261 1087 1324 mi·

135 1347 271 1412 randum
294 1350 388 1432 esset,
410 1347 438 1411 si
460 1369 528 1413 non
551 1347 725 1412 evenirent
763 1346 867 1422 Quam
880 1350 1009 1432 multoe,
1034 1349 1089 1432 qui

135 1434 189 1498 diu
210 1435 386 1513 iacuerant,
407 1435 443 1498 in
458 1436 557 1499 altum
572 1439 704 1519 repente
719 1435 873 1514 sublatos,
896 1459 993 1521 quam
1008 1438 1088 1500 mul·

134 1525 195 1606 tos,
218 1544 290 1587 cum
304 1523 358 1588 diu
381 1524 416 1586 in
439 1524 568 1587 sublimi
582 1524 755 1605 stetissent,
769 1527 933 1588 momento
948 1525 1088 1589 deiectos

135 1610 294 1674 vidimus?
330 1609 393 1686 Qui
419 1611 499 1674 talia
525 1612 699 1689 mirantur,
727 1612 828 1674 solem
854 1613 980 1694 vesperi
1007 1613 1088 1675 occi·

136 1697 210 1762 dere
234 1700 432 1783 eundemque
454 1719 549 1762 mane
572 1699 675 1762 redire
697 1699 864 1761 mirentur.
907 1697 981 1782 Ego
1005 1699 1033 1762 si
1055 1699 1090 1762 in

136 1787 319 1870 quempiam
341 1789 447 1852 virum
476 1786 627 1869 antiquae
654 1785 730 1850 fidei
757 1807 795 1850 ac
817 1783 988 1871 probitatis
1011 1786 1089 1850 inci·

136 1874 253 1957 derem,
276 1875 332 1960 qui
354 1879 387 1940 et
409 1875 481 1940 aliis
503 1874 641 1939 honesta
663 1874 875 1959 praeciperet,
903 1876 935 1938 et
957 1874 1025 1957 ipse
1050 1874 1090 1938 ad

136 1962 283 2044 regulam
314 1985 404 2028 suam
435 1963 571 2046 viveret3
609 1962 665 2046 qui
697 1962 766 2026 sine
798 1961 988 2040 ambitione,
1021 1961 1089 2026 sine

138 2049 356 2134 simulatione,
384 2052 452 2116 sine
479 2051 574 2115 malis
598 2050 721 2113 artibus
751 2049 792 2113 ad
819 2050 971 2114 virtutem
994 2053 1027 2113 et
1050 2050 1091 2114 ad

137 2136 341 2202 honestatem
368 2141 438 2204 tota
463 2142 572 2203 mente
598 2137 751 2202 ferretur:
779 2137 964 2220 clamarem,
991 2137 1090 2202 Porro

139 2224 282 2304 Quirites.
330 2225 368 2290 Id
394 2227 474 2291 mihi
501 2248 634 2311 novum,
666 2225 870 2303 inusitatum,
903 2225 1090 2288 admirabile

136 2313 272 2378 videtur.
307 2312 484 2400 Aegrotare
507 2315 607 2398 hunc,
630 2315 722 2378 illum
740 2316 905 2378 mortuum
928 2334 1012 2394 esse3
1037 2313 1091 2376 alii

138 2404 234 2464 natos
256 2401 387 2479 liberos,
411 2403 465 2466 alii
487 2406 648 2467 mortuam
671 2423 816 2485 uxorem3
844 2401 936 2465 illum
958 2401 1021 2464 iter
1042 2401 1091 2464 in·

139 2486 244 2570 gredi,
270 2487 356 2551 hunc
382 2490 418 2552 in
444 2489 557 2554 urbem
583 2491 701 2554 redire:
728 2491 808 2554 haec
837 2489 885 2555 ita
907 2488 1092 2554 communia

139 2576 173 2637 et
199 2574 355 2637 tralatitia
382 2578 469 2657 sunt,
496 2581 532 2640 ut
558 2579 655 2642 mirer
682 2599 750 2642 esse
784 2578 840 2662 qui
868 2577 948 2642 talia
975 2577 1090 2641 miren-

137 2663 199 2726 tur.
237 2659 299 2725 Sed
322 2682 430 2726 nonne
445 2663 662 2729 divinaveram
684 2666 767 2744 fore,
789 2668 917 2730 utnon
933 2665 989 2729 diu
1012 2665 1090 2729 otio·

9 2837 10 2840 Ἴ
138 2772 193 2814 aus
222 2750 348 2814 essem?
383 2749 467 2815 Ecce
499 2752 559 2816 tibi
589 2753 698 2818 nescio
731 2754 803 2837 quis
835 2753 920 2819 fores
954 2753 1092 2818 cubiculi

138 2839 254 2920 pultat.
290 2836 477 2923 Quicunque
502 2842 558 2924 est,
581 2841 781 2924 exspectabit
798 2845 918 2925 tamen,
941 2841 1017 2905 dum
1032 2841 1091 2904 has

138 2925 264 2988 litteras
295 2925 514 3008 obsignavero.
563 2927 702 2991 Multum
731 2929 779 2992 illi
808 2929 918 3006 debes,
948 2929 1092 3011 quisquis

139 3015 198 3075 est.
236 3008 426 3076 Onerassem
449 3018 481 3076 te
503 3014 599 3078 hodie
622 3018 690 3079 tam
704 3017 814 3082 multis
828 3016 933 3102 nugis,
956 3018 993 3079 ut
1011 3016 1091 3098 peti·

138 3102 231 3163 turus
254 3097 352 3162 fueris
381 3122 488 3184 ame,
514 3104 550 3163 ut
571 3102 679 3182 potius
706 3104 788 3168 nihil
815 3105 947 3168 omnino
976 3103 1091 3166 rcribe-

139 3209 221 3264 rem‚
245 3207 342 3269 quam
368 3188 449 3252 talia
477 3187 657 3252 scriberem.
706 3188 768 3254 Sed
796 3193 913 3256 iterum
936 3213 973 3256 ac
995 3191 1091 3255 tertio

138 3275 204 3338 iam
218 3274 403 3340 verberatae
418 3280 494 3341 sunt
507 3275 603 3340 fores.
638 3275 770 3343 Valebis
792 3280 893 3363 igitur
906 3283 939 3344 et
952 3279 1091 3362 ineptias

139 3383 227 3425 meas
251 3382 352 3444 aequo
376 3365 484 3430 animo
507 3364 599 3429 feres.
644 3363 776 3431 Romae.
798 3385 868 3432 xvr.
894 3367 966 3432 Kal.
989 3365 1091 3449 April.

139 3466 318 3513 nnnxxxn.

534 3557 694 3572 ——n
