2656 3910
493 213 671 268 EPISTOLA
689 214 773 268 XLII.
1061 212 1105 276 55

152 353 216 418 boc
238 374 365 420 secessu
387 359 568 439 occupatus,
587 377 683 440 quem
704 361 815 421 tamen
836 357 980 442 plerique
995 378 1106 422 omnes

154 462 224 506 esse
254 442 386 525 plenum
403 443 471 507 otii
495 447 620 527 putant
663 443 710 508 Et
736 445 878 530 quotidie
910 445 1024 529 quinas
1051 447 1107 509 aut

154 550 249 593 senas
272 530 313 594 ab
335 530 446 596 amieis
469 531 592 596 litteras
607 532 737 616 accipio,
758 533 800 596 ad
822 555 902 617 quas
925 533 953 597 si
974 553 1106 614 respon·

154 616 229 680 dere
252 639 363 682 omnes
385 619 494 703 velim,
516 620 564 683 nil
586 620 673 684 aliud
695 621 855 704 agendum
877 621 927 686 sit.
972 618 1107 684 Gratum

155 706 206 767 est
227 704 320 788 mihi,
348 706 434 790 quod
459 707 642 790 applicuisti
662 711 696 771 to
719 708 760 772 ad
786 708 1049 774 consuetudinem
1070 706 1106 771 P.

155 790 287 856 Aemilii
309 796 342 857 et
362 791 492 859 Horatii
513 794 686 860 Macarani.
720 795 843 860 Eorum
865 796 952 860 enim
973 799 1107 880 uterque

154 881 189 941 te
211 882 245 942 et
266 879 411 946 doctrina
433 885 466 946 et
487 885 632 967 exemplo
655 883 778 948 efficere
804 883 969 949 meliorem
990 885 1106 967 potest

155 965 250 1031 Tales
273 969 402 1032 sectare.
434 968 496 1044 Qui
519 974 627 1034 autem
649 971 712 1034 alio
734 971 865 1054 ingenio
889 973 973 1052 sunt,
995 991 1106 1034 eorum

155 1054 419 1119 consuetudinem
446 1057 538 1139 quasi
563 1060 687 1140 pestem
713 1058 854 1141 aliquam
878 1057 954 1121 vita
998 1055 1109 1120 Aetati

155 1143 231 1204 tuae
257 1140 340 1204 nihil
367 1142 550 1227 diligentius
575 1145 808 1228 providendum
835 1147 897 1229 est,
920 1166 1017 1229 quam
1040 1145 1108 1229 qui·

156 1228 217 1292 bus
245 1227 468 1295 sodalitatibus
495 1234 594 1296 utare.
638 1231 752 1317 Neque
778 1253 839 1319 ego
867 1254 1012 1299 severum
1038 1253 1108 1297 esse
1148 1269 1152 1276 ·

155 1317 189 1378 te
218 1337 254 1380 ac
280 1317 430 1382 tetricum
457 1319 608 1404 omnique
635 1321 745 1405 generi
770 1324 972 1406 voluptatum
1002 1321 1108 1386 iuimi-

156 1425 230 1466 cum
251 1405 333 1469 volo.
376 1404 449 1471 Hoc
470 1411 597 1472 tantum
624 1431 753 1493 moneo,
779 1431 847 1476 non
869 1432 924 1474 eas
951 1409 1108 1474 amicitias

157 1493 367 1575 quaerendas,
395 1516 476 1579 quae
499 1495 699 1561 dulcissimae
725 1497 906 1581 videantir,
933 1497 990 1561 sed
1015 1497 1109 1560 indu·

157 1578 293 1643 cendum
315 1581 466 1664 animum,
487 1587 537 1664 ut,
560 1605 641 1667 quae
662 1585 908 1649 honestissimae
931 1586 1019 1666 sunt,
1042 1605 1109 1647 eas-

157 1666 231 1730 dem
258 1667 355 1730 etiem
382 1668 581 1733 dulcissimas
609 1691 678 1734 esse
706 1691 743 1733 ao
770 1671 975 1735 suavissimas
1006 1673 1109 1751 putes.

157 1752 205 1816 Mi
237 1753 431 1839 Alexander,
464 1756 562 1820 etiam
592 1759 689 1840 atque
726 1755 823 1823 etiam
856 1757 936 1823 vale.
981 1756 1109 1822 Tibure.

159 1857 191 1903 v.
213 1839 263 1908 Id.
283 1839 420 1926 August
442 1861 572 1910 nom.

589 2033 682 2099 XLII

490 2150 607 2206 nmen
624 2151 781 2208 RIPARJO.

227 2273 370 2340 Remitto
389 2273 429 2342 sd
449 2279 482 2340 te
501 2299 612 2343 omnes
630 2275 862 2361 propemodum
883 2277 1018 2359 litteras,
1032 2297 1112 2360 quas

163 2384 182 2426 a
207 2365 240 2426 te
268 2363 387 2448 accepi,
418 2365 532 2430 leviter
562 2387 581 2429 a
607 2387 659 2430 me
691 2364 884 2430 emendatas.
929 2364 1024 2448 Vide,
1057 2364 1112 2429 ob·

163 2471 251 2515 seoro
272 2453 314 2534 te,
336 2454 374 2516 ut
385 2453 520 2536 posthac
533 2456 567 2518 et
588 2453 714 2538 saepius
729 2456 762 2518 et
774 2453 958 2540 diligentius
982 2452 1112 2518 scribas.

162 2535 227 2601 Vix
248 2537 334 2602 enim
357 2540 476 2624 credas,
498 2545 636 2625 quantae
659 2542 739 2606 mibi
761 2542 926 2608 molestiae
949 2541 1016 2606 sint
1036 2561 1112 2624 pue·

162 2625 236 2689 riles
259 2625 388 2710 quidam
410 2648 541 2712 errores,
562 2629 598 2692 in
611 2651 691 2714 quos
713 2630 852 2695 incidere
873 2633 907 2695 te
929 2629 1113 2714 frequenter

162 2712 262 2778 video.
308 2711 416 2779 Sicubi
441 2715 477 2780 in
500 2717 670 2800 generibus
697 2717 848 2803 loquendi
874 2718 983 2801 paullo
1005 2718 1112 2782 minus

162 2801 289 2866 usitatis
316 2803 463 2886 paullove
491 2804 727 2870 obscurioribus
754 2805 884 2887 laberis,
915 2826 982 2869 non
1014 2805 1113 2868 offen·

163 2889 234 2972 dor3
267 2892 301 2951 at
332 2911 404 2954 oum
431 2892 477 2956 ita
503 2913 604 2976 erras,
630 2895 668 2958 ut
693 2891 797 2956 adhuc
823 2891 928 2975 prima
955 2911 1112 2974 gramma·

162 2975 300 3038 tioorum
321 2981 491 3060 praecepta
512 2979 662 3062 ignorare
683 2979 834 3061 videaris,
860 2978 1020 3061 indignor.
1064 2975 1114 3042 Ao

163 3062 226 3126 sois
248 3061 330 3146 ipse,
358 3083 454 3146 quam
476 3085 571 3148 saepe
593 3066 654 3129 tibi
677 3067 718 3129 ob
746 3086 817 3128 cam
844 3087 990 3130 caussam
1011 3065 1113 3130 iratus

162 3150 285 3214 fuerim
331 3147 435 3223 Quare
466 3153 498 3215 te
529 3153 683 3216 maiorem
713 3153 750 3218 in
781 3153 948 3218 scribendo
980 3153 1111 3239 diligen-

162 3239 241 3302 tiam
265 3237 415 3302 adhibere
436 3260 496 3323 par
518 3242 611 3304 esset
640 3239 755 3324 Neque
776 3262 852 3306 vero
874 3241 1039 3306 raritatem
1061 3243 1112 3306 lit

162 3329 302 3390 terarum
327 3329 456 3392 tuarum
483 3348 632 3392 excusare
658 3329 724 3393 ullo
755 3329 851 3394 modo
881 3332 982 3412 potes.
1026 3328 1113 3394 Nam

163 3435 244 3497 quae
265 3414 396 3478 tandem
414 3436 484 3480 esse
506 3415 644 3498 possunt
664 3424 722 3480 tua
743 3416 806 3480 ista
827 3416 979 3500 negotia?
1006 3415 1112 3501 Magis

161 3522 285 3587 vereor,
306 3523 348 3566 ne
369 3504 402 3565 te
424 3503 605 3587 voluptates
633 3505 823 3570 abstrahant
845 3507 878 3569 et
900 3526 920 3568 a
946 3504 1113 3569 scribendo
