2656 3910
465 197 642 254 EPISTOLA
660 199 757 254 LXIII.

554 342 670 408 LXIII.

329 469 378 542 Μ.
406 469 647 542 ANTONIUS
675 469 898 542 MURE'IUS

418 585 552 643 IACOBO
572 587 717 643 cumulo
736 587 756 641 Ι.
779 587 807 642 Ο.

562 695 583 737 S.
597 695 621 736 P
635 695 663 735 Ι).

204 781 410 848 Biennium
400 807 465 849 ram
488 790 538 850 est
560 788 593 850 et
616 807 653 849 eo
677 785 827 886 amplius,
851 782 974 869 Ouiaci,
996 782 1037 849 V.
1056 784 1090 850 0.

138 893 211 935 cum
233 870 360 937 Laelius
383 868 564 938 Ubaldinus
588 877 620 938 ct
638 872 698 938 Oct
684 875 789 938 tarius
807 873 983 956 Bandinus,
1007 895 1091 936 sum-

139 981 192 1024 mo
216 979 332 1043 genere
355 962 426 1024 nati
448 962 708 1044 adolescentes,
698 983 733 1024 m
753 960 892 1024 Galliam
916 982 948 1024 se
972 961 1092 1024 studio-

138 1068 211 1110 rum
240 1069 365 1130 caussa,
398 1052 526 1113 auctore
557 1049 762 1133 potissimum
794 1051 907 1148 atque
918 1048 1092 1131 impulsore

140 1155 249 1235 me,c
233 1135 447 1200 contulerunt.
495 1135 581 1201 Nam
609 1157 682 1200 cum
710 1158 748 1200 ex
775 1157 826 1199 me
853 1135 997 1219 ipsorum
1020 1158 1092 1220 pro·

139 1223 254 1307 pinqui
277 1223 501 1309 quaesiissent,
525 1225 651 1326 quid
624 1247 670 1288 e1s
684 1225 888 1308 potissimum
910 1224 1092 1288 faciendum
1199 1266 1201 1270 -

140 1333 209 1376 esse
233 1332 358 1395 quaque
380 1313 539 1378 rationo
529 1317 727 1396 rpsorumt
697 1313 810 1378 studiis
825 1315 882 1395 opt
882 1313 944 1376 ime
969 1313 1095 1377 consuli

140 1421 234 1482 posse
262 1420 438 1464 censerem:
469 1405 582 1467 auctor
608 1401 654 1465 eis
685 1401 745 1485 fui,
777 1404 814 1464 ut
840 1399 1002 1464 Lutetiam
1030 1401 1093 1484 pri-

140 1509 230 1551 mum
251 1488 345 1571 irent,
367 1489 475 1571 ibique
499 1512 533 1554 se
548 1488 741 1552 Graecarum
764 1489 946 1552 litterarum
969 1491 1002 1551 et
1024 1489 1094 1571 phi-

140 1575 307 1658 losophiae
330 1577 493 1658 magistris
516 1575 735 1657 recoquendos
750 1575 877 1656 darent,
896 1574 1015 1638 deinde
1039 1574 1094 1638 Ius

142 1663 247 1744 civile,
277 1664 366 1726 cuius
397 1663 503 1726 studio
533 1663 657 1727 incensi
687 1665 793 1742 erant,
823 1682 926 1742 neque
959 1683 1095 1744 usquam

142 1749 237 1814 hodie
260 1750 323 1814 nisi
346 1751 381 1812 in
404 1748 521 1831 Gallia,
544 1770 647 1832 neque
670 1749 705 1812 in
719 1747 824 1812 Gallia
846 1748 909 1811 nisi
932 1769 952 1810 a
965 1746 1095 1813 Ouiacio

142 1841 228 1901 recte
261 1858 298 1901 ac
334 1857 407 1901 vere
440 1837 519 1901 disci
555 1857 648 1920 posse
685 1839 860 1920 sperarent.
914 1835 966 1898 Ita
997 1836 1096 1920 igItur

143 1924 261 1988 fecere·
285 1927 318 1986 et
340 1923 426 2024 quod
448 1946 520 1988 meo
545 1925 678 1988 oonsilio
701 1924 884 2008 paruerint,
907 1924 969 1987 sibi
992 1925 1096 2008 magis

145 2011 314 2094 magisque
337 2010 373 2074 in
396 2010 463 2074 dies
488 2012 698 2095 gratulantur.
743 2011 815 2095 Ego
839 2014 955 2093 autem,
979 2009 1097 2095 Ouiaci,

146 2097 350 2162 ambitiosum
377 2098 481 2163 fateor
513 2120 582 2162 esse
609 2119 659 2161 me
696 2101 741 2181 et,
778 2099 864 2183 quod
895 2097 1097 2180 Thucydides

145 2188 204 2269 alt,
227 2207 327 2250 unum
350 2185 411 2250 hoc
433 2182 543 2262 πάθος
566 2186 646 2250 senii
660 2207 773 2269 expers
796 2207 874 2267 esse,
897 2207 970 2248 vera
994 2186 1034 2249 ab
1059 2208 1097 2250 eo

145 2275 266 2339 dictum
288 2275 417 2339 demum
441 2275 595 2360 experior.
642 2272 746 2349 Quare
769 2294 927 2357 cuperem,
951 2294 1014 2356 eos,
1043 2274 1098 2356 qui

145 2363 256 2428 mihi'
247 2385 312 2426 1am
334 2363 417 2427 mult
403 2367 472 2428 tum
496 2385 530 2428 se
553 2363 667 2427 debere
692 2366 885 2448 agnoscunt,
909 2361 994 2445 quod
1016 2361 1097 2425 indi·

146 2451 284 2515 caverim
316 2451 378 2515 sibi
408 2452 471 2515 iter
502 2451 542 2516 ad
566 2452 703 2534 fontem,
732 2451 845 2515 debere
879 2451 976 2514 etiam
1008 2450 1098 2533 mihi,

147 2538 231 2622 quod
255 2560 275 2601 a
296 2541 328 2602 te
355 2560 427 2603 mea
455 2561 568 2604 caussa
599 2539 738 2603 libenter
764 2539 948 2603 viderentur
976 2539 1097 2621 excipe-

146 2629 319 2710 renturque
345 2647 384 2690 ea
410 2627 611 2691 humanitate
640 2649 676 2691 ac
704 2628 868 2710 comitate,
897 2649 959 2710 qua
987 2629 1023 2690 tu
1047 2648 1097 2690 ex-

146 2715 251 2799 cipere
274 2735 385 2779 omnes
408 2716 549 2800 ingenuo
574 2737 610 2779 ac
632 2716 758 2778 liberali
781 2714 942 2798 praeditos
965 2714 1097 2798 ingenio

147 2803 239 2867 soles
285 2800 347 2868 Sed
369 2825 493 2887 vereor,
520 2826 561 2867 ne
584 2825 657 2867 mea
679 2803 744 2866 iam
769 2824 839 2866 sera
863 2802 1098 2866 commendatio

147 2891 202 2972 sit,
224 2911 304 2954 neve
327 2891 404 2973 ipsi,
432 2912 496 2990 qna
519 2894 595 2955 sunt
622 2893 655 2953 et
682 2911 808 2954 morum
836 2889 899 2951 et
867 2889 1029 2992 Mmgenii
1037 2890 1098 2951 ele·

147 2939 273 3084 gairtia,
298 2977 404 3040 itate
431 2979 510 3060 iam,
542 2977 707 3042 hominem
738 2971 803 3038 ὑπὸ
836 2975 904 3038 τῶν
935 2971 1099 3038 τοιούτων

147 3059 332 3146 εὐάλωτον,
360 3065 516 3148 ceperint,
545 3067 582 3128 ut
608 3085 711 3128 novae
734 3061 1005 3126 commendationi
1027 3063 1098 3126 nul-

146 3155 197 3220 lus
220 3152 360 3238 supersit
381 3153 480 3217 locus.
520 3151 600 3215 Peto
566 3155 731 3215 ttamen
755 3173 774 3214 a
797 3154 843 3232 te,
868 3154 969 3234 quant
970 3172 1024 3214 um
1047 3173 1098 3213 me

148 3264 250 3306 amas:
279 3245 312 3305 et
338 3243 416 3324 puto
445 3262 497 3304 me
525 3244 599 3304 ate
626 3261 694 3304 non
716 3239 892 3323 vulgariter
914 3240 1030 3302 amari:
1054 3242 1099 3320 ut,

148 3331 213 3395 sive
235 3329 355 3413 aliquid
380 3333 437 3407 est,
460 3329 547 3412 quod
560 3327 635 3392 addi
658 3328 735 3391 adt
721 3331 811 3391 tuam
826 3346 902 3410 erga
925 3348 980 3390 eos
1003 3326 1098 3388 bene-

147 3419 322 3483 volentiam
344 3418 460 3499 possit,
486 3417 520 3481 id
546 3437 618 3480 mea
646 3436 759 3479 caussa
786 3414 930 3494 adiicias3
959 3413 1025 3476 sive
1052 3411 1100 3473 ita

147 3505 212 3570 iam
236 3527 290 3571 eos
315 3526 417 3582 amas,
445 3507 482 3567 ut
503 3504 593 3570 nulla
614 3503 684 3566 fieri
705 3501 809 3586 possit
832 3499 985 3582 accessio,
1010 3518 1100 3579 repe·

853 3617 889 3665 6*
