2656 3910
280 239 323 302 28
622 235 799 292 EPISTOLA
817 237 890 293 XXI.

280 382 461 465 Postremo,
489 395 538 465 ut,
567 381 720 465 quidquid
752 381 833 446 alter
860 382 901 446 ab
934 382 1035 446 altero
1067 382 1252 466 acceperit,

280 492 448 554 nunquam
473 491 576 552 neque
604 469 755 552 privatim
785 490 888 553 neque
915 468 1041 553 publice
1069 469 1102 533 id
1130 491 1165 533 se
1199 471 1246 534 ab

282 581 319 623 eo
348 558 506 642 accepisse
529 557 722 622 dissimulet:
746 558 824 641 quin
850 557 959 642 potius
988 560 1123 641 uterque
1147 560 1246 622 omni

283 668 342 730 ope
367 667 477 710 omnes
501 645 631 710 alterius
655 645 792 710 ornandi
815 647 911 728 atque
939 644 1157 729 amplificandi
1187 667 1243 710 oc-

283 734 427 799 casiones
459 755 526 799 non
557 737 630 797 tant
630 755 685 798 um
713 733 838 798 oblates
871 733 1017 816 arripiat,
1050 733 1106 798 sed
1139 733 1244 796 etiam

284 822 424 887 studiose
447 822 680 906 diligenterque
702 821 875 905 perquirat.
911 821 1049 885 Haec
1024 821 1245 922 s1nfeeiemus,

284 911 365 975 alter
392 909 523 974 alterius
550 909 741 973 industriam
769 930 932 994 acuemus,
960 907 1128 993 ingenium
1156 909 1243 973 exci-

283 999 437 1082 tabimus,
465 1000 498 1062 et
483 997 677 1062 tdiscemus
705 997 841 1081 denique
867 996 1009 1062 vicissim
1036 1000 1070 1062 et
1096 996 1246 1061 vicissim

284 1086 477 1150 docebimus.
504 1083 653 1150 Gisberto
668 1085 796 1169 quidem
818 1087 940 1168 nostro,
963 1106 1058 1168 quem
1079 1104 1140 1169 ego
1163 1084 1243 1148 ado·

284 1174 458 1238 lescentem
484 1172 625 1257 quotidie
656 1174 729 1256 plus
761 1195 847 1256 amo,
880 1172 965 1257 quod
995 1172 1064 1256 ipse
1097 1171 1243 1256 quotidie

284 1259 422 1324 honesta
449 1260 555 1324 studia
576 1261 648 1343 plus
671 1265 772 1343 amet,
798 1281 950 1344 praesens
974 1281 1012 1324 cx
1038 1260 1099 1324 hac
1126 1264 1245 1324 nostra

285 1347 506 1433 negotiatione
532 1348 656 1411 lucrum
682 1353 831 1431 paratum
860 1351 917 1412 ost.
961 1347 1034 1432 Ego
1058 1348 1158 1431 enim,
1186 1349 1244 1432 qui

287 1457 359 1499 cum
382 1436 423 1500 ed
437 1439 542 1500 cetera
556 1436 674 1519 omnia,
697 1440 767 1500 tum
789 1437 830 1502 ad
854 1435 1056 1500 scribendum
1078 1436 1126 1499 ite
1147 1434 1248 1519 piger

287 1545 371 1608 sum,
398 1527 435 1588 ut
456 1544 552 1588 nemo
575 1523 692 1608 magis,
715 1545 753 1588 eo
776 1524 924 1608 posthac,
948 1545 1020 1588 cum
1043 1523 1084 1587 ud
1107 1526 1140 1588 te
1164 1523 1241 1587 scri-

286 1612 376 1696 bam,
398 1612 587 1677 amanuensi
613 1613 662 1676 uti
684 1613 800 1697 cogito.
844 1610 930 1676 Nam
953 1611 1076 1694 etipse
1099 1631 1172 1675 cum
1196 1611 1242 1674 la-

286 1699 397 1765 borem
425 1721 540 1765 caussa
560 1721 633 1764 mea
653 1701 792 1765 libenter
814 1699 913 1784 capit,
937 1702 1006 1763 tum
1033 1699 1096 1764 hoc
1125 1698 1243 1763 studiis

288 1789 353 1853 suis
376 1789 489 1853 inutile
512 1809 580 1853 non
601 1787 670 1854 fore
696 1788 879 1856 arbitretur.
923 1786 1014 1853 Vale.
1036 1805 1082 1853 111.
1105 1785 1244 1851 Kalend.

287 1875 356 1940 len.
378 1893 521 1941 uonmv.

673 2009 861 2021 ...μ-...-

722 2206 810 2275 ΧΧΙ.

585 2346 701 2403 EIDEM
719 2344 950 2404 deuoluere.

357 2483 571 2574 Respondebo
593 2489 654 2554 tibi
675 2489 827 2572 breviter,
848 2493 887 2554 ut
908 2493 941 2554 et
967 2490 1113 2574 postules
1135 2491 1169 2553 et
1191 2509 1246 2554 oo·

292 2579 479 2662 cupotiones
506 2598 596 2643 meae
624 2580 752 2662 cogunt
796 2575 873 2642 Non
899 2581 932 2641 te
964 2577 1131 2662 praeterit,
1158 2576 1244 2659 apud

292 2666 432 2749 optimos
459 2666 624 2749 utriusque
654 2665 785 2750 linguae
812 2669 958 2730 auctores
989 2665 1121 2750 reperiri
1148 2685 1244 2748 quae

293 2756 367 2820 dam
399 2778 456 2821 seu
487 2754 526 2819 de
556 2752 716 2817 industrie
747 2774 803 2818 seu
834 2754 875 2817 eb
908 2753 994 2818 eliud
1026 2751 1246 2839 cogitantibus

292 2848 433 2928 peccatu,
455 2863 535 2928 quae
556 2840 758 2927 grammatici
779 2841 875 2906 modo
898 2835 1125 2922 ἀνακόλουθα,
1148 2840 1242 2905 modo

294 2931 518 3014 σολοικοφανῆ
545 2931 676 2995 vocent:
704 2950 776 2993 eum
810 2929 859 2993 illi
885 2950 952 2993 non
983 2930 1088 3014 ipsem
1120 2927 1241 2994 eonfor-

293 3022 469 3087 metionem
497 3017 652 3086 orationis
680 3020 737 3082 eut
758 3038 873 3083 vocum
896 3017 1167 3169 convenientiam,
1190 3014 1245 3080 sed

293 3111 326 3173 id
353 3111 462 3193 modo,
488 3108 574 3193 quod
606 3127 736 3170 sensum
767 3104 1248 3189 est,respiciunt.1⁴lxemplu

295 3197 360 3260 scio
382 3197 444 3260 tibi
466 3217 534 3296 non
556 3195 678 3276 deesse3
701 3193 757 3258 sed
778 3197 945 3278 tamen‚u
923 3193 1104 3277 utvidees,
1126 3213 1178 3256 me
1201 3197 1245 3256 te

295 3305 367 3348 cum
390 3277 533 3366 ἀτεχνῶς
554 3277 609 3346 καὶ
632 3242 761 3356 odores
783 3300 891 3365 agere,
913 3301 1086 3366 congeram
1109 3301 1190 3365 quoe
1213 3280 1248 3344 in

294 3374 436 3436 mentem
457 3370 596 3436 venient
624 3367 751 3433 Terent.
728 3366 946 3457 t¹Hecyra):

332 3585 335 3592 ⁴
370 3532 576 3632 ¹l1l1,1,os.
