2658 3914
498 143 616 198 CAPUT
635 144 731 198 LXIV.
1035 144 1101 208 215

142 291 177 352 et
199 286 392 352 sententiam
414 287 585 370 protulisse
609 288 851 352 convenientem
880 287 909 351 ei
936 309 1102 371 personae,

144 396 225 460 quae
248 379 318 439 tum
340 375 475 458 loquens
498 375 709 439 induceretur.

483 547 627 615 OAPU'I'
650 548 765 615 LXIV.

144 651 404 706 XRNOPHONTIS
423 650 521 705 LIBRI
538 652 598 706 PRI
586 653 641 706 IMI
659 651 873 707 ANABASROS
887 651 1003 707 Locus
1021 651 1102 708 NON

216 739 317 794 SATIS
335 739 533 794 FIDRLITRR
550 739 598 793 AB
616 739 779 795 RRUDITO
798 740 1030 794 INTERPRRTE

526 826 718 882 REDDITUS.

210 933 288 998 Non
309 933 465 1000 fraudabo
489 934 625 1018 gloriola
640 957 698 998 sua
712 936 839 1000 scitote
857 935 997 1019 eleganti
1011 957 1099 1018 prae-

25 1083 27 1088 .
143 1022 247 1085 ditum
274 1021 404 1105 ingenio
432 1044 579 1105 puerum,
606 1021 650 1086 M.
678 1021 869 1104 Antonium,
898 1023 1009 1086 fratris
1036 1025 1101 1087 mei

25 1103 30 1129 ⁸
143 1109 258 1191 filium,
283 1109 338 1193 qui
360 1109 454 1173 hodie
477 1111 582 1176 iussus
606 1132 625 1173 a
647 1132 698 1174 me
712 1110 936 1194 Xenophontis
959 1111 1101 1194 primum

25 1197 26 1200 ’
143 1194 332 1261 Anabaseos
347 1197 489 1260 conferre
508 1219 581 1260 cum
594 1198 859 1281 interpretatione
874 1197 1014 1282 Romuli,
1029 1221 1101 1262 cum

144 1284 208 1347 alia
232 1283 311 1348 satis
326 1285 428 1347 multa
441 1285 566 1349 notavit
580 1286 620 1349 ab
635 1286 808 1369 interprete
831 1287 950 1370 partim
974 1287 1101 1368 omissa,

143 1371 263 1455 partim
294 1372 509 1456 negligentius
541 1373 678 1458 reddita,
709 1377 779 1438 tum
805 1375 880 1457 hoc,
908 1374 993 1459 quod
1021 1374 1101 1439 mihi

144 1459 420 1524 animadversione
447 1460 581 1544 dignum
611 1462 715 1525 visum
738 1465 800 1545 est,
824 1484 896 1525 cum
919 1465 952 1524 et
973 1463 1100 1544 insigne

25 1625 27 1634 Ι
144 1547 199 1628 sit,
231 1567 335 1629 neque
367 1547 408 1611 ab
441 1549 563 1632 optimo
595 1550 812 1632 typographo,
843 1548 897 1633 qui
928 1554 1039 1611 tamen
1066 1549 1100 1611 in

143 1634 295 1697 notandis
322 1634 452 1699 Romuli
479 1635 591 1698 erratis
620 1636 698 1699 satis
722 1635 841 1718 alioqui
869 1635 1006 1719 diligens
1029 1635 1099 1716 fuit,

143 1722 409 1786 animadversum.
455 1721 637 1806 Xenophon
661 1723 746 1786 enim
769 1744 842 1786 curn
865 1723 1011 1805 exposita
1025 1721 1100 1804 Gyri

142 1813 246 1874 morte
270 1809 308 1872 de
331 1810 473 1874 moribus
497 1814 530 1874 et
551 1810 681 1895 ingenio
696 1810 806 1893 ipsius,
829 1813 866 1872 ut
884 1811 978 1892 solet,
1003 1810 1099 1872 disse·

141 1900 229 1960 reret
251 1899 415 1981 multaque
439 1902 628 1981 argumenta
652 1899 830 1982 colligeret,
854 1897 970 1980 quibus
995 1900 1100 1960 osten·

25 2003 28 2012 ’
142 1985 234 2048 deret
256 2007 329 2047 eum
343 1985 541 2049 multitudini
555 1985 668 2049 eximie
683 2008 792 2049 carum
814 1984 923 2067 fuisse,
945 1984 1008 2048 hoc
1023 2005 1098 2068 quo-

25 2121 26 2134 ,
142 2093 204 2155 que
232 2071 317 2135 inter
344 2076 449 2136 cetera
477 2074 592 2156 utitur,
620 2073 704 2157 quod
729 2073 873 2156 quamvis
897 2073 966 2154 ipse
988 2071 1099 2136 fratris

143 2180 254 2223 servus
282 2160 379 2242 foret,
406 2181 501 2224 nemo
528 2165 638 2225 tamen
668 2160 801 2224 desertis
824 2160 925 2243 ipsius
952 2159 1099 2243 partibus

142 2247 184 2311 ad
207 2247 340 2310 fratrem
361 2248 586 2332 transfugerit:
610 2270 682 2311 curn
704 2248 798 2310 multi
821 2251 934 2312 eontra
956 2247 1099 2330 quotidie

142 2356 163 2398 a
184 2333 290 2398 Xerxe
313 2335 483 2399 deficerent
505 2356 601 2418 seque
624 2335 658 2399 in
682 2332 757 2419 Gyri
780 2339 885 2399 castra
908 2335 1099 2398 conferrent

141 2421 254 2486 Unum
286 2422 403 2503 excipit
435 2421 604 2506 Orontem,
636 2422 703 2505 qui
722 2427 856 2486 conatus
889 2422 932 2486 sit
964 2444 983 2484 a
1016 2419 1099 2504 Cyro

140 2510 357 2593 transfugere,
381 2509 436 2572 sed
459 2474 609 2573 conaturi
632 2511 723 2574 illum
751 2511 872 2574 infaust
858 2514 927 2573 tum
951 2510 980 2573 ei
1004 2512 1100 2616 atque

140 2597 303 2660 infelicem
324 2597 431 2661 fuisse.
483 2595 551 2660 Καὶ
576 2585 673 2672 οὗτος
696 2593 748 2704 dt,
770 2598 921 2682 inquit¹),
949 2590 1044 2662 3st
1018 2619 1099 2684 ῳετο

141 2680 262 2748 πιστὸν
285 2684 320 2747 oo‘
340 2679 441 2765 εἶναι,
464 2679 546 2766 ταχὺ
562 2679 666 2748 αὐτὸν
689 2673 764 2769 εὗρε
778 2683 881 2770 Κύρῳ
896 2687 1100 2767 φιλαίτερον,

141 2763 162 2852 ἢ
187 2768 303 2857 ἑαυτῷ.
353 2770 440 2846 Quae
467 2773 565 2836 verba
596 2773 643 2834 ita
669 2772 898 2854 interpretatur
925 2771 1099 2835 Romulus:

142 2857 275 2936 Quemt
274 2879 364 2922 omen
386 2879 448 2936 rea,
471 2860 545 2923 dam
562 2860 622 2924 sihi
643 2859 761 2940 fidelem
779 2863 879 2939 putot,
903 2857 982 2940 Cyro
999 2879 1100 2957 pocae

140 2966 235 3026 quom
267 2946 327 3010 sibi
358 2948 534 3010 amiciorem
562 2947 685 3010 invenit.
740 2944 846 3028 Atque
878 2945 960 3008 nihil
991 2945 1098 3008 minus

140 3033 220 3096 dicit
241 3033 437 3117 Xenophon,
460 3057 556 3117 quam
579 3032 664 3118 quod
679 3054 751 3096 eum
764 3033 921 3097 Romulus
940 3032 1097 3095 dicentem

140 3120 227 3184 facit.
277 3119 390 3204 Neque
418 3122 457 3184 de
484 3142 559 3205 rege
586 3121 743 3204 loquitur:
774 3120 830 3183 sed
853 3140 939 3201 eum,
967 3119 1018 3182 cui
1040 3119 1097 3181 uni

140 3228 178 3271 ex
203 3208 352 3272 omnibus
375 3209 550 3290 plurimum
572 3209 646 3271 fidei
660 3207 798 3272 Orontes
821 3206 969 3288 habebat,
991 3227 1097 3288 reper-

140 3297 210 3358 tum
234 3316 304 3359 esse
327 3295 405 3359 dicit
419 3293 502 3378 Cyro
527 3317 623 3380 quam
638 3294 780 3360 Orontae
804 3294 994 3359 amiciorem.
1030 3292 1096 3356 Lit-

214 3449 234 3520 ¹)
253 3450 342 3505 Auab.
362 3452 382 3504 Ι.
403 3459 427 3518 9,
447 3457 490 3506 29.
