2658 3914
241 206 303 269 170
611 205 694 260 vla.
714 205 815 262 Lucu.

322 343 468 430 Ἀστέρες
490 342 659 455 1111111111
681 344 786 414 uulda
809 345 954 414 oeldvav

315 433 383 514 ”Ad
405 432 652 544 ἀποκρύπτουσι
674 433 816 519 φαεινὸν
839 432 938 544 eidos,

321 518 451 588 ‘Onetor'
477 515 519 588 (111
542 519 711 607 πλήθοισα
733 521 873 608 μάλιστα
896 521 1018 612 λάμπη.

238 628 359 694 Sedt
327 631 359 693 et
386 628 484 704 Quint
485 651 522 693 us
551 627 784 713 Smyrnaeus
774 651 810 694 m
837 630 1027 695 celebranda
1053 629 1198 698 Penthe-

238 718 316 781 silea
339 717 473 780 eandem
483 717 767 842 comparationem
790 717 936 782 adhibuit
921 716 982 804 t¹:)

298 817 355 897 Ὡς
383 815 413 885 δ’
444 815 491 885 ὅτ’
517 815 571 886 ἄν’
598 814 746 907 οὐρανὸν
773 814 876 906 εὐρὺν
905 821 941 886 ἐν
969 817 1107 908 eosquos
1136 825 1198 888 dra

871 905 991 994 σελήνη

299 991 478 1082 Ἐκπρέπει.

236 1099 319 1166 Puto
348 1105 455 1166 autem
480 1100 665 1166 huiusmodi
690 1103 833 1166 locorum
860 1103 1030 1168 collatione
1058 1123 1095 1168 aa
1118 1123 1197 1168 eon-

236 1189 379 1253 tentione
402 1191 487 1253 inter
514 1209 547 1252 se
576 1192 608 1252 et
635 1189 738 1274 magis
766 1189 889 1255 elucere
912 1193 1055 1254 veterum
1081 1195 1195 1274 poeta·

236 1283 307 1340 rum
330 1277 574 1360 praestantiam,
598 1279 631 1339 et
653 1277 794 1341 eiusdem
817 1276 937 1362 gloriae
952 1277 1093 1361 cupidos,
1116 1299 1197 1362 quo·

236 1364 331 1428 modo
354 1364 389 1428 in
412 1364 458 1428 eis
480 1363 644 1428 imitandis
667 1364 787 1428 versari
810 1365 960 1450 debeant,
983 1366 1157 1430 admoneri.

558 1536 702 1604 CAPUT
723 1539 869 1605 XXXIX.

236 1639 340 1705 QUAM
359 1640 478 1696 VETUS
503 1640 560 1696 SIT
578 1640 822 1698 CONSUETUDO
842 1644 882 1697 IN
900 1640 1052 1697 HONORE
1071 1641 1197 1698 ALIOUI

295 1728 473 1783 HABENDO
494 1729 632 1785 MANUM
652 1729 751 1785 SUAM
770 1731 819 1785 Al)
839 1729 881 1785 OS
900 1729 1129 1786 ADMOVENDI.

304 1836 396 1912 Quod
417 1837 607 1923 hodieque
597 1859 632 1900 m
655 1837 884 1902 consuetudine
907 1837 1049 1938 positum
1072 1841 1133 1922 est,
1156 1842 1197 1904 ut

237 1925 272 1989 in
295 1925 380 1988 salut
381 1925 473 1988 audis
495 1925 695 2008 potentibus,
718 1925 822 1990 autin
843 1924 1006 1990 honore'
980 1947 1025 1990 e1s
1044 1926 1194 1990 habendo

237 2013 422 2077 nostram
413 2013 475 2096 ipsi
507 2034 638 2076 manum
675 2013 723 2077 ori
754 2013 921 2078 admovere
953 2014 1126 2097 soleamus,
1159 2000 1194 2079 id

238 2100 418 2184 quaesitum
441 2103 491 2165 est
512 2121 551 2164 ex
573 2122 636 2184 me,
662 2122 741 2165 num
769 2100 965 2164 aveteribus
994 2122 1119 2187 quoque
1146 2101 1194 2164 fa-

237 2189 387 2253 ctitatum
410 2191 503 2271 esset,
527 2210 569 2253 an
582 2191 619 2253 ut
641 2188 705 2252 alia
726 2188 890 2272 pleraque,
913 2188 960 2251 ita
982 2188 1043 2253 hoe
1066 2210 1194 2273 quoque

237 2276 346 2359 inepte
361 2276 512 2340 adulandi
535 2296 637 2361 genus
652 2276 778 2340 servilia
790 2275 1003 2341 recentiorum
1017 2276 1194 2342 aulicorum

238 2364 369 2448 ingenia
388 2364 630 2448 excogitassent
671 2362 838 2446 Respondi
860 2384 932 2426 eum
950 2384 1072 2428 morem
1091 2385 1194 2448 usque

237 2452 311 2514 ab
302 2452 402 2533 1mpia
423 2450 480 2514 illa
502 2453 534 2512 et
555 2449 688 2514 ridicula
709 2454 865 2535 veterum,
893 2450 949 2535 qui
974 2451 1093 2517 multos
1116 2451 1195 2518 deos

240 2539 397 2620 colebant,
420 2537 582 2638 superstit
573 2559 645 2602 rone
660 2538 734 2603 duot
719 2541 789 2602 tum
804 2560 840 2604 ao
857 2541 1070 2624 propagatum
1083 2539 1194 2606 videri.

239 2623 394 2690 Solebant
416 2625 501 2688 enim
523 2628 556 2688 et
577 2625 633 2704 illi,
656 2647 728 2690 eum
742 2630 798 2691 aut
819 2627 931 2691 fanum
951 2627 1080 2711 aliquod
1101 2649 1194 2711 prae-

238 2713 381 2797 terirent,
404 2715 461 2776 aut
482 2712 606 2797 lignum
625 2675 805 2798 lapidemve
824 2713 963 2797 aliquem
983 2715 1195 2798 adspicerent,

238 2801 273 2864 in
301 2822 363 2885 quo
391 2800 567 2866 divinitatis
595 2801 716 2886 aliquid
743 2822 812 2866 esse
840 2803 1061 2885 opinarentur:
1089 2823 1194 2887 neque

238 2888 325 2952 enim
338 2889 432 2954 vilior
448 2889 544 2954 illist
529 2891 728 2972 temporibus
745 2889 842 2954 ullius
868 2889 915 2952 rei
943 2911 1039 2973 quam
1062 2890 1195 2956 deorum
1317 2895 1318 2946 l

235 2999 368 3041 annona
381 2980 463 3041 erat:
485 2998 616 3041 manum
630 2977 670 3041 ad
685 2999 720 3042 os
733 2977 861 3060 referre,
884 2979 916 3041 et
928 2977 1018 3041 tenui
1031 2998 1194 3042 murmure

238 3065 311 3129 illos
342 3065 466 3150 ligneos
498 3069 555 3129 aut
585 3064 728 3148 lapideos
761 3064 851 3148 deos,
882 3066 919 3127 ut
946 3063 1009 3129 sibi
1039 3065 1195 3150 faverent,

238 3153 370 3235 precari
416 3149 595 3238 oudinet:

282 3257 360 3321 Eece
383 3257 452 3321 loou
473 3257 570 3321 medio
592 3277 750 3322 1111111111
771 3258 864 3340 niqra
885 3258 999 3338 favilla

282 3343 353 3407 Ara
374 3347 459 3408 oetas
480 3344 582 3408 stabat
603 3345 741 3409 tremulis
763 3346 951 3408 1111111111
973 3345 1091 3410 conam.

311 3513 330 3583 ¹)
348 3514 469 3584 Paralip.
488 3516 508 3569 I.
528 3520 570 3570 3¹1.
644 3513 665 3582 1)
683 3515 750 3570 Met.
770 3515 816 3571 VI.
836 3521 937 3572 31511.
