2658 3914
250 227 316 291 204
621 227 704 282 VAR.
723 225 823 282 Lacr.

246 371 342 434 linari
364 373 466 435 multa
479 371 650 454 reperiam,
674 371 790 454 quibus
804 391 862 434 suo
876 371 947 435 Ioco
971 370 1086 453 positis
1101 372 1210 436 oratio

247 458 375 522 uberior
398 461 430 522 et
452 458 595 522 ornatior
618 458 683 522 fiat.
727 457 800 521 'libi
824 477 960 542 quoque,
981 457 1069 540 Dari,
1092 461 1210 522 auctor

248 567 332 629 rum,
354 550 391 609 ut
411 546 497 610 idem
510 545 623 628 fanias,
646 545 680 608 in
694 545 868 629 primisque
882 548 919 609 ut
939 565 982 610 ne
1000 565 1111 610 eorum
1126 547 1208 610 stul·

246 634 352 697 titiam
379 633 528 717 imiteris,
557 634 612 717 qui
639 653 740 716 usque
768 653 806 697 eo
834 632 1036 716 antiquitatis
1069 633 1206 698 studiosi
1304 701 1305 714 ,

247 724 336 801 sunt,
358 724 395 784 ut
407 741 501 784 voees
516 741 642 804 quoque
658 718 860 785 Christianae
877 720 1043 804 religionis
1055 720 1210 804 proprias

246 806 409 892 refugiant
431 811 464 871 et
484 808 520 872 in
542 829 652 873 earum
674 809 780 871 Iocum
803 807 883 872 alias
898 808 1105 890 substituant,
1128 829 1208 892 qua·
1304 855 1305 892 ,

246 917 318 959 rum
349 895 523 960 nonnullae
556 895 653 959 etiam
684 895 884 977 impietatem
916 896 1016 958 olent:
1050 895 1105 979 qui
1137 917 1207 959 non

245 984 349 1064 poem,
378 983 433 1047 sed
453 983 704 1064 persuasionem:
732 1003 798 1046 non
820 986 1046 1047 sucrumeutum
1069 984 1209 1064 emporis

246 1070 419 1148 Dominio,
443 1070 499 1134 sed
520 1071 713 1152 sanctificum
735 1069 921 1134 crustulum:
943 1091 1010 1134 non
1032 1088 1206 1134 meorumu-
1304 1139 1305 1142 ,

246 1160 363 1235 uicum,
387 1158 443 1222 sed
465 1159 544 1224 diris
566 1158 719 1222 deuouere:
742 1178 810 1220 non
831 1157 978 1240 Aupems,
1002 1156 1058 1221 sed
1072 1155 1209 1221 Genios:

246 1267 312 1308 non
344 1245 510 1326 bupticure,
544 1245 599 1309 sed
626 1245 747 1310 abluere
779 1244 901 1327 dicunt,
933 1243 1059 1328 aliaque
1091 1243 1205 1309 eodem

246 1331 342 1395 modo
366 1332 554 1414 depravant:
579 1332 646 1415 qui,
668 1335 706 1396 ut
720 1332 842 1416 opinor,
860 1331 925 1396 nisi
940 1331 1001 1396 sibi
1015 1335 1208 1416 metuerent,

247 1419 343 1482 etiam
361 1440 420 1502 pro
435 1416 563 1483 Christo
578 1416 682 1482 Iouem
695 1421 844 1500 optimum
861 1420 1033 1484 muuimum
1047 1419 1206 1484 dicerent:
1304 1419 1305 1448 *

246 1511 296 1572 est
318 1508 404 1571 enim
426 1507 530 1591 magis
545 1503 797 1571 Ciceronianum.
835 1506 923 1583 Quae
945 1510 1053 1570 autem
1075 1507 1207 1570 insania
1304 1541 1305 1562 ι

246 1599 309 1678 est,
336 1616 409 1659 eum
434 1596 603 1677 porricere,
633 1615 705 1658 oum
733 1595 900 1676 impetrire,
933 1617 1004 1658 oum
1032 1594 1204 1676 tripudium

246 1685 436 1760 solistimum,
460 1705 532 1746 oum
548 1688 677 1764 pulcros
690 1685 723 1745 et
740 1684 899 1764 sympuvio
921 1681 1066 1766 legimus,
1088 1683 1204 1745 notare
1304 1727 1305 1764 ,

246 1793 284 1834 ea
310 1774 466 1855 tanquam
499 1770 585 1834 diota
613 1770 786 1854 sapienter,
816 1769 901 1854 quod
928 1791 967 1833 ex
994 1769 1204 1853 auguralibus

246 1861 279 1922 et
301 1857 538 1940 pontificalibus
553 1858 643 1921 libris
658 1858 847 1941 deprompta
862 1857 939 1941 sint,
962 1857 1093 1939 propria
1112 1854 1203 1922 Chri·
1304 1935 1305 1938 Ἴ

247 1947 369 2009 stianae
392 1945 478 2028 fidei,
501 1949 533 2009 et
548 1944 803 2011 Christianorum
821 1945 940 2008 rituum
957 1945 1055 2009 verba
1081 1947 1202 2008 utnon
1304 1941 1305 2024 3

247 2033 325 2096 ratis
339 2031 456 2096 Latina
470 2033 695 2097 contemnere?
730 2032 828 2096 Plura
842 2032 945 2096 dicere
960 2053 1032 2094 oum
1045 2052 1207 2114 pararem,
1304 2031 1305 2090 }

247 2122 421 2184 amicorum
446 2120 645 2203 quorundam
659 2121 858 2185 interventus
876 2119 1059 2184 inst'tutum
1083 2138 1205 2184 sermo·
1304 2159 1305 2192 2

247 2230 322 2272 nem
345 2209 533 2291 abrumpere
556 2209 669 2292 eoigit.

605 2397 748 2464 CAPUT
770 2397 855 2464 LIX.

1304 2437 1305 2464 I

247 2519 295 2574 ns
314 2517 478 2584 senous,
502 2516 564 2583 our
582 2517 842 2574 onrnrronrors
865 2518 914 2573 ar
936 2517 1131 2573 russaoun
1148 2517 1207 2573 ιιι.
1304 2495 1305 2510 ¹

248 2603 500 2660 Psusnoarsus
518 2605 566 2658 aa
586 2604 804 2660 ramentas
828 2605 946 2660 essm
969 2605 1205 2660 arsamum.
1304 2623 1305 2676 3

394 2689 620 2745 EMENDATUS
638 2692 781 2747 AEMILII
800 2692 912 2748 PROBI
929 2692 1053 2748 LOCUS.

315 2814 443 2893 Quanto
470 2816 506 2881 in
531 2815 654 2884 honore
685 2817 806 2882 fuerint
836 2817 1012 2901 antiquitus
1040 2816 1199 2902 Olympio·

248 2906 348 2989 nicae,
369 2904 501 2989 nemini,
523 2906 578 2989 qui
600 2906 733 2989 paulum
746 2906 841 2971 modo
855 2908 1001 2970 versatus
1023 2906 1067 2970 sit
1084 2906 1120 2969 in
1141 2905 1204 2970 hoe

248 2994 428 3062 litterarum
458 3013 587 3078 genere,
619 2995 767 3078 ignotum
798 2997 855 3058 est.
909 2991 1064 3058 Solebant
1095 2995 1202 3057 autem

248 3082 333 3144 inter
365 3085 469 3146 cetera
501 3081 614 3146 donari
645 3082 771 3146 coronis
800 3080 920 3164 aureis3
952 3081 1036 3144 unde
1068 3083 1101 3144 et
1127 3079 1200 3144 Pin⁴

248 3168 344 3231 darus
356 3166 381 3253 ¹)
414 3167 596 3251 Olympiam
634 3173 730 3233 vocat
763 3166 887 3252 μητέρα
922 3163 1204 3252 χρυσοστεφάνων

248 3248 393 3318 ἀέθλων.
441 3254 657 3337 Imperatores
685 3277 810 3340 quoque
839 3277 874 3319 re
900 3256 982 3319 bene
1009 3258 1042 3318 et
1068 3255 1204 3319 feliciter

248 3343 340 3423 gesta
367 3339 541 3424 interdum,
568 3363 762 3424 quamquam
785 3342 956 3406 admodum
979 3363 1069 3426 raro,
1092 3341 1200 3406 eodem

321 3526 341 3591 ¹)
360 3527 469 3596 Olymp.
488 3526 560 3580 vur.
582 3533 606 3580 1.
