2656 3910
220 213 261 278 18
344 241 345 246 =
567 212 747 269 EPISTOLA
764 212 824 269 XV.

218 357 289 422 fieri
320 361 440 441 potest,
472 359 510 421 ut
546 355 757 421 confidentius
793 355 829 421 in
860 378 899 423 eo
930 379 981 422 me
1014 359 1180 443 gesserim,

220 468 316 532 quam
339 445 486 527 decebat,
516 466 574 528 per
600 445 691 508 illam
714 447 747 508 et
768 443 839 508 aliis
863 449 895 508 et
922 445 1003 510 mibi
1028 445 1178 529 inprimis
1226 483 1232 494 ·

218 537 421 617 perspectam
447 532 682 597 humanitatem
714 534 817 615 tuam,
844 532 924 598 mihi
950 536 988 598 ut
1017 533 1179 619 ignoscas,

219 621 316 687 etiam
340 624 436 705 atque
451 621 582 685 etiama
604 623 637 684 te
659 624 743 744 peto.
776 619 884 686 Ausus
903 621 989 687 enim
1013 644 1084 687 sum
1099 644 1178 706 quo·
1312 619 1313 630 ’

218 710 293 773 dam
321 731 360 773 ox
386 709 432 774 eis
462 709 554 774 libris
586 706 691 794 loco)
722 709 890 774 nominare
922 713 967 793 te,
997 731 1033 774 ac
1064 730 1177 775 versus

219 798 316 861 etiam
340 796 463 881 aliquot
484 817 618 881 ponere,
642 797 697 880 qui
723 797 804 860 mihi
825 797 860 860 in
888 798 1043 862 memoria
1065 797 1177 862 haese-

217 888 294 950 rant
321 905 360 950 ox
387 884 516 969 edyllio,
548 884 633 970 quod
661 885 738 949 olim
770 884 810 948 ad
836 887 869 949 te
901 885 975 950 misi
1006 906 1072 950 una
1103 907 1178 951 cum

218 973 391 1059 tragoedia,
415 994 512 1058 quam
530 972 568 1036 de
584 970 618 1038 Ο.
632 970 780 1038 Caesaris
803 973 898 1038 caede
920 973 1039 1038 factam
1060 974 1096 1038 in
1118 977 1177 1039 tuo

217 1062 348 1128 nomine
371 1060 617 1146 divulgaveram.
646 1058 717 1136 Qua
739 1060 774 1124 in
788 1082 821 1124 re
845 1060 964 1147 siquid
988 1083 1007 1124 a
1029 1083 1080 1126 me
1102 1083 1176 1146 pec-

218 1153 327 1214 catum
349 1152 411 1234 est,
439 1147 535 1234 (nihil
559 1149 645 1213 enim
668 1148 842 1214 debueram
863 1151 896 1213 to
919 1149 1103 1215 inconsulto
1127 1150 1175 1216 fa-

219 1258 297 1322 cere,
319 1237 510 1322 praesertim
524 1257 597 1300 cum
618 1241 651 1300 te
665 1235 812 1302 Venetiis
833 1237 1079 1324 convenissem)
1101 1259 1175 1322 peo-

218 1329 326 1390 catum
344 1328 408 1390 'est
438 1323 620 1390 incredibili
651 1324 790 1408 quadam
822 1324 1023 1391 abundantia
1055 1326 1176 1391 amoris

218 1433 296 1499 erga
318 1416 350 1479 te
373 1412 451 1478 mei:
475 1433 572 1497 quam
593 1415 632 1476 ut
654 1432 757 1498 aequo
776 1412 883 1480 animo
906 1414 1001 1499 feras,
1025 1413 1176 1480 omnibus
1312 1415 1313 1418 ’

218 1524 238 1566 a
265 1505 296 1565 te
323 1500 471 1586 precibus
504 1503 601 1586 atque
629 1501 718 1565 omni
750 1501 971 1568 obsecratione
1004 1502 1175 1568 contendo.

216 1589 349 1654 Etenim
372 1611 445 1655 vere
467 1588 530 1654 hoc
544 1588 657 1674 dicam,
680 1589 762 1654 nihil
780 1589 907 1655 videtur
929 1611 998 1656 esse
1021 1589 1068 1654 ita
1090 1590 1175 1654 diffi-

217 1678 276 1743 cile
309 1681 405 1764 atque
437 1678 586 1761 arduum,
612 1677 648 1740 in
676 1699 739 1762 quo
768 1699 828 1764 ego
855 1682 988 1763 paratus
1015 1699 1083 1743 non
1112 1677 1175 1744 sim

216 1766 379 1832 voluntati
401 1769 435 1831 et
456 1765 643 1830 auctoritati
664 1768 739 1830 tuae
762 1787 885 1830 morem
908 1786 1026 1852 gerere.
1061 1763 1172 1831 Unum

217 1857 279 1938 est,
305 1855 340 1919 in
364 1876 427 1938 quo
449 1852 524 1937 tibi,
551 1875 592 1916 ne
615 1852 693 1937 quid
716 1853 927 1938 dissimulem,
955 1876 1022 1919 non
1044 1875 1172 1939 possem

216 1941 279 2006 nisi
302 1941 515 2007 invitissimus
534 1939 769 2024 obtemperare:
793 1941 821 2006 si
843 1964 894 2007 me
917 1943 1043 2006 iuberes
1065 1946 1175 2007 tacere

217 2030 256 2093 de
282 2029 348 2094 tuis
374 2028 548 2094 virtutibus
576 2031 610 2093 et
636 2029 802 2094 continere
828 2030 864 2094 in
888 2031 961 2095 sinu
990 2030 1174 2096 immortale

215 2118 296 2183 illud
318 2117 482 2204 gaudium,
506 2138 569 2202 quo
584 2117 707 2202 efferor,
731 2118 807 2203 quia
820 2140 871 2183 mc
893 2118 954 2183 tibi
977 2139 1088 2184 carum
1102 2139 1173 2184 esse

216 2206 330 2273 sentio.
375 2203 447 2270 Hac
474 2227 540 2269 una
565 2204 662 2270 inre
690 2205 767 2271 dum
793 2227 845 2270 me
874 2207 955 2270 mihi
982 2206 1117 2291 obsequi
1139 2211 1174 2271 et

216 2295 323 2360 animo
355 2294 523 2379 indulgere
554 2291 702 2378 patiaris,
737 2314 800 2378 quo
831 2294 938 2358 minus
971 2295 1059 2360 aliud
1089 2294 1172 2360 mihi

217 2381 374 2467 quidlibet
399 2381 549 2465 imponas
573 2381 692 2464 oneris,
719 2401 786 2446 non
812 2403 935 2448 recuso.
980 2380 1074 2459 Quod
1097 2383 1170 2447 sori-

215 2471 304 2554 bam,
331 2468 419 2534 aliud
451 2467 533 2531 nihil
563 2471 625 2552 est,
651 2468 716 2533 nisi
747 2490 858 2535 omnes
889 2470 943 2537 bio
970 2470 1079 2536 omnia
1109 2470 1170 2534 tibi

214 2556 323 2622 fausta
346 2560 379 2621 et
404 2576 559 2641 prospera
585 2557 710 2640 precari
732 2559 765 2622 et
792 2557 948 2644 gratrlari
970 2558 1063 2643 aquis
1090 2558 1174 2643 istis,

214 2646 301 2798 pyuod
325 2666 378 2710 eas
400 2644 463 2710 tibi
485 2642 629 2709 salubres
652 2648 685 2711 et
710 2643 811 2711 fuisse
834 2649 867 2712 et
889 2667 958 2714 esse
981 2646 1171 2712 audivimus.

247 2733 306 2800 ale.

613 2839 774 2850 ——-

652 2959 724 3026 XV.

232 3050 237 3055 ’
344 3081 518 3139 manum
536 3080 670 3140 uooao
691 3082 841 3139 crunno
860 3081 999 3140 nnuroo
1018 3082 1046 3139 s.

281 3203 403 3270 Verum
425 3207 575 3291 estquod
598 3209 725 3273 audisti.
757 3209 967 3292 Trepidatum
988 3209 1043 3274 hic
1056 3214 1106 3274 est
1129 3210 1171 3274 ab

214 3293 378 3359 omnibus:
405 3315 510 3380 neque
534 3316 610 3360 sane
638 3295 764 3360 iniuria.
810 3294 889 3372 Quis
912 3298 999 3362 eninr
1023 3301 1172 3364 constare

214 3381 322 3448 animo
345 3385 467 3467 posset,
490 3404 564 3449 cum
586 3383 711 3449 audiret
733 3383 841 3451 fusum
864 3406 901 3451 ac
928 3385 1078 3470 fugatum
1101 3407 1172 3452 esse

208 3599 216 3606 ,
287 3537 306 3606 ¹)
324 3537 390 3594 Var.
408 3539 486 3595 Leot.
505 3539 578 3596 VHl.
599 3546 622 3596 1.
