2658 3914
471 233 590 290 CAPUT
608 233 705 290 LVIII.
999 232 1062 298 199
1171 266 1174 270 ·

104 401 175 444 non
199 381 277 444 satis
300 380 416 464 dIgnos
439 399 508 443 esse
531 379 716 460 arbitrarer,
743 399 880 461 quorum
910 378 1065 460 exemplo,

106 468 165 552 qui
186 466 301 532 Latine
331 470 388 531 aut
414 466 551 531 scribere
579 469 636 531 aut
657 465 746 550 loqui
766 465 899 547 vellent,
925 465 1065 528 niteren-

105 559 170 620 tur.
216 553 278 620 Sed
304 558 429 637 postea,
456 575 490 618 re
516 557 587 618 tota
608 573 734 617 mecum
755 549 939 635 facouratius
962 552 1065 616 consi-

107 643 234 726 derata,
256 643 344 706 visus
357 642 421 726 ipsi
439 641 518 705 mihi
543 662 613 704 rum
631 641 733 705 nimio
746 641 819 723 plus
837 640 917 704 mibi
932 659 1066 722 sumere,

107 730 227 882 gppde
251 728 383 813 Seneca,
411 728 516 812 Livio,
538 727 682 810 Valerio,
705 725 812 812 Celso,
840 727 1066 810 Quinctiliano,

157 817 296 901 lumella,
309 819 445 902 utroque
459 815 574 899 Plinio,
588 815 700 881 Tacito
715 813 877 893 Suetonio,
886 815 1020 898 Velleio,
1030 813 1067 890 Q.

107 903 231 988 Curtio,
244 904 422 989 Lactantio,
437 903 571 989 aliisque
585 903 741 968 eiusmodi
755 902 972 985 scriptoribus,
987 923 1067 986 quos

109 995 144 1057 et
175 993 217 1056 ab
248 992 289 1057 iis
316 992 395 1076 ipsis
422 991 635 1075 temporibus,
669 991 784 1074 quibus
811 989 928 1055 Latina
955 989 1068 1074 lingua

107 1080 255 1144 floruisse
278 1079 444 1162 diceretur,
470 1079 602 1163 propius
626 1077 744 1142 afuisse
768 1080 801 1141 et
827 1099 885 1142 suo
908 1097 1066 1162 quemque

109 1169 238 1232 saeculo
261 1167 489 1232 disertissimos
510 1166 639 1231 habitos
657 1187 727 1230 esse
750 1167 926 1248 constaret,
948 1168 1068 1229 temere

107 1256 324 1338 pronunciare
347 1257 505 1319 auderem
551 1251 645 1318 Certe
664 1254 750 1317 enim
771 1273 875 1339 neque
898 1253 1068 1338 quisquam

109 1365 255 1428 unquam
268 1346 412 1408 veterum
434 1362 490 1407 eos
504 1343 587 1443 male
601 1339 716 1406 Latine
738 1342 863 1406 looutos
881 1362 950 1406 esse
974 1341 1068 1405 dixit:

107 1434 417 1584 &usuratu
437 1429 1068 1599 {mallsmlllllallltlllltlltl

108 1605 202 1687 bula,
225 1605 327 1667 mults
350 1605 447 1667 etiam
469 1603 620 1688 loquendi
643 1623 761 1687 genera
782 1604 818 1667 in
840 1624 950 1667 eorum
978 1603 1069 1666 libris

8 1687 10 1782 ζ
108 1695 277 1777 leguntur,
310 1711 391 1775 quas
424 1689 509 1773 apud
537 1687 722 1754 Ciceronem
754 1693 787 1754 et
817 1691 885 1753 eius
920 1691 1068 1774 aequales

110 1801 274 1864 nusquam
311 1777 461 1862 reperias.
524 1775 669 1841 Primum
705 1777 777 1860 quis
808 1776 870 1840 hoc
907 1780 1069 1859 praestare

7 1867 9 1876 ’
114 1868 253 1932 audeat?
290 1863 453 1932 Ciceronis
476 1865 668 1948 scriptorum
689 1864 743 1928 vix
766 1864 922 1928 decimam
945 1867 1069 1947 partem

7 1955 11 2038 ζ
112 1956 270 2041 reliquam
293 1954 461 2038 habemus,
485 1972 617 2036 eamque
630 1951 741 2016 multis
763 1952 909 2036 partibus
922 1972 1071 2016 mancam

8 2061 14 2068 ·
115 2065 153 2108 ac
179 2043 339 2126 mutilam,
366 2042 477 2106 multis
504 2039 703 2123 vulneribus,
730 2039 840 2104 multis
869 2039 1070 2104 cicatricibus

115 2131 341 2196 deformatam:
365 2127 510 2194 Sallustii
523 2128 576 2194 vix
591 2127 810 2210 centesimam,
823 2125 981 2191 Varronis
998 2129 1070 2190 tan·

115 2218 260 2302 tundam,
288 2217 422 2284 Catonis
450 2238 467 2281 e
493 2220 563 2282 tam
589 2215 699 2279 multis
725 2214 943 2280 voluminibus
969 2235 1070 2277 unum

7 2351 15 2386 ¹.
116 2305 155 2370 de
177 2327 212 2370 re
239 2307 360 2371 rustica
386 2303 698 2370 commentariolum:
725 2306 777 2368 tot
797 2302 1070 2386 philosophorum,

7 2457 16 2480 Ι,
115 2397 167 2458 tot
189 2397 352 2458 oratorum
373 2397 530 2475 veterum,
556 2395 609 2457 tot
628 2395 810 2475 poetarum,
832 2393 883 2455 tot
903 2389 1071 2455 historico-

7 2483 17 2498 ''
116 2503 201 2562 rum,
223 2483 274 2544 tot
298 2481 597 2545 iurisconsultorum
624 2479 744 2564 scripta
765 2479 942 2562 perierunt,
973 2480 1006 2541 st
1032 2498 1072 2541 ex

10 2575 16 2584 '
116 2567 182 2632 illis
213 2567 324 2631 fractis
356 2587 393 2630 ac
424 2567 549 2649 laceris,
582 2587 663 2651 quae
690 2567 731 2631 ad
757 2588 818 2631 nos
849 2569 1071 2650 pervenerunt,

115 2655 257 2721 Romani
287 2655 444 2719 sermonis
471 2654 614 2739 reliquiis
646 2655 813 2719 adfirmare
847 2654 1013 2738 audemus,
1044 2654 1072 2718 si

13 2809 17 2816 ,
116 2742 194 2828 quid
215 2743 251 2807 in
273 2742 319 2807 eis
340 2763 408 2808 non
429 2742 620 2826 reperiatur,
647 2742 680 2806 id
702 2742 787 2825 apud
809 2745 932 2806 veteres
954 2742 989 2805 in
1011 2761 1071 2805 usu

7 2885 19 2918 ,ἢ
116 2851 184 2895 non
205 2830 328 2894 fuisse?
364 2828 489 2906 Quanto
513 2829 694 2894 credibilius
716 2831 779 2911 est,
801 2849 886 2893 nova
899 2829 1002 2892 multa
1025 2833 1070 2892 at

7 2937 16 3002 J¹
116 2938 180 3002 que
202 2917 357 2982 inusitata
378 2916 473 2982 nobis
495 2917 608 2997 videri,
635 2935 717 2998 quae
740 2916 767 2980 si
790 2935 900 2979 eorum
922 2915 997 2978 libri
1019 2935 1070 2978 ex-

7 3014 20 3092 2'
116 3007 255 3089 starent,
281 3004 317 3068 in
349 3003 607 3088 frequentissimo
639 3022 699 3066 usu
730 3002 837 3085 posita
866 3001 965 3066 fuisse
997 3022 1071 3067 con-

8 3113 9 3122 ’
117 3090 241 3159 staret?
281 3091 336 3156 Illi
363 3093 483 3173 autem,
511 3110 592 3174 quos
620 3090 716 3153 stulte
744 3092 777 3152 et
803 3092 1004 3174 arroganter,
1035 3094 1073 3153 ut

9 3201 20 3268 j,
116 3181 225 3244 minus
248 3180 411 3264 eleganter
432 3179 565 3261 locutos,
588 3176 747 3260 despicere
761 3175 923 3260 audemus,
945 3197 1017 3241 curn
1040 3182 1074 3241 et

7 3279 18 3302 '³
117 3268 329 3332 bibliothecas
351 3267 507 3332 haberent
528 3266 617 3330 omni
638 3285 755 3351 genere
776 3265 931 3330 librorum
953 3266 1072 3330 instru-

118 3356 291 3439 ctissimas,
323 3359 356 3419 et
387 3375 441 3420 eas
477 3354 720 3439 diligentissime
756 3354 1008 3437 pemolutarent,
1040 3358 1073 3417 et

119 3443 275 3507 acerrimo
308 3443 424 3508 iudicio
452 3443 590 3526 praediti
612 3445 733 3506 essent:
765 3442 836 3525 quis
864 3441 937 3523 scit,
965 3463 1005 3504 an
1034 3461 1072 3503 ea

117 3531 189 3614 ipsa
212 3551 250 3594 ex
271 3530 499 3596 vetustioribus
513 3531 716 3615 sumpserint,
738 3549 819 3613 quae
837 3528 956 3592 frustm
977 3528 1071 3594 nobis
