2658 3914
214 105 279 170 136
585 105 668 160 VAR.
687 103 789 160 Lacr.

211 247 298 324 Quin
321 248 418 313 etiam
433 249 500 314 eius
519 249 566 313 rei
588 247 791 333 ignoratione
814 249 848 312 in
863 250 1053 335 quibusdam
1074 251 1167 316 libris

211 339 377 419 amystioa
398 338 519 401 factum
542 341 591 401 est
612 338 736 402 rustico.
782 335 952 402 Sciendum
976 341 1083 403 autem
1106 343 1166 421 est,

211 426 246 489 in
268 425 308 489 iis
323 423 449 490 Cereris
472 425 580 508 sacris,
604 445 685 508 quae
699 425 852 508 mysteria
874 426 1070 508 dicebantur,
1094 447 1167 490 cam

212 513 474 578 consuetudinem
505 513 618 596 fuisse,
654 514 692 576 ut
727 513 860 597 quisque
896 535 955 596 pro
991 534 1024 578 se
1057 512 1167 579 Cereri

211 622 309 686 porco
322 601 452 682 faceret,
475 621 531 664 seu
546 601 631 684 quod
654 600 774 664 animal
795 600 875 665 illud
889 601 1043 665 infestum
1058 600 1167 666 Cereri

212 689 385 773 crederent,
400 689 475 772 quia
490 691 612 752 semina
626 689 741 771 pando,
763 691 801 753 ut
814 689 861 752 ait
874 686 1043 775 Ovidius1),
1066 689 1166 754 eruis·

212 780 262 840 set
282 779 388 840 rostro
403 776 542 860 annique
557 798 646 859 spem
660 776 892 860 intercepisset,
906 777 948 842 ob
962 777 1058 862 idque
1073 777 1166 842 deam

212 864 279 928 eius
308 863 403 928 caede
431 864 569 948 gaudere
605 864 783 928 crederent:
816 884 872 928 seu
903 865 988 949 quod
1021 886 1037 928 e
1070 865 1166 929 suillo

211 956 316 1017 rostro
341 952 480 1016 arandae
502 955 535 1016 et
556 952 762 1016 invertendae
789 953 893 1015 terrae
920 953 1004 1016 ratio
1026 951 1167 1034 primum

212 1043 344 1123 accepta
371 1042 469 1106 esset:
496 1062 572 1104 nam
599 1041 633 1105 id
666 1061 791 1125 quoque
823 1040 917 1104 multi
946 1040 1166 1123 prodiderunt.

211 1127 325 1213 Neque
348 1150 426 1192 sane
449 1128 527 1192 satis
551 1128 701 1192 convenit
722 1129 807 1191 inter
821 1127 971 1211 antiquos
995 1129 1167 1210 scriptores

212 1217 251 1280 de
274 1217 404 1294 caussis,
428 1215 469 1280 ob
494 1237 572 1299 quas
594 1217 656 1280 hoc
683 1219 740 1280 aut
767 1215 847 1278 illud
870 1215 990 1279 animal
1012 1215 1087 1280 huic
1110 1219 1168 1279 aut

211 1303 259 1366 illi
281 1303 340 1367 deo
363 1303 591 1368 immolaretur.
636 1302 702 1366 Alii
729 1303 828 1386 enim,
857 1303 941 1386 quod
969 1304 1082 1388 cuique
1105 1303 1166 1367 deo

212 1391 431 1475 gratissimum
455 1393 548 1468 essct,
570 1390 604 1454 id
618 1390 659 1454 ad
680 1390 766 1454 illius
790 1412 861 1454 aras
876 1391 1010 1454 mactari
1034 1391 1166 1455 solitum

212 1472 310 1543 aiunt.
359 1478 473 1564 ltaque
500 1500 601 1563 equus
628 1477 742 1542 Martis
770 1482 838 1543 erat
863 1479 984 1563 hostia,
1017 1482 1050 1542 et
1080 1479 1167 1563 quod

212 1589 289 1650 aper
315 1565 447 1632 Adonin
477 1567 702 1649 interfecisset,
739 1588 817 1651 apro
845 1566 965 1631 Veneri
991 1588 1058 1631 rem
1086 1567 1165 1631 divi·

102 1659 104 1664 '
213 1676 290 1719 nam
312 1656 381 1719 fieri
404 1655 496 1719 nefas
520 1659 596 1719 erat.
632 1655 707 1739 Alii,
731 1655 816 1739 quod
839 1655 972 1739 quisque
987 1655 1064 1719 deus
1082 1654 1166 1719 odis·

212 1747 269 1826 set,
292 1743 359 1808 eius
383 1744 548 1827 potissime
575 1743 666 1806 illum
694 1742 789 1807 caede
817 1742 970 1807 oblectari
997 1743 1166 1825 putabant.

211 1831 325 1914 ltaque
348 1829 447 1895 Nocti
469 1830 707 1895 sacrificabatur
730 1831 833 1914 gallus
852 1831 1057 1915 gallinaceus,
1080 1831 1167 1914 quod

212 1922 309 1983 cantu
337 1940 394 1983 suo
424 1919 507 1983 diem
534 1939 719 2001 provocare,
750 1921 878 1983 noctem
904 1919 1018 2003 fugare
1044 1918 1166 1982 videre·

212 2010 277 2070 tur:
315 2027 412 2090 capra
447 2005 584 2088 Palladi,
613 2007 711 2090 ,quod
752 2007 854 2070 oleam
894 2006 1065 2090 insigniter
1101 2007 1165 2070 lae-

213 2093 309 2159 deret.
356 2093 416 2158 Sed
440 2097 513 2158 utra
541 2094 579 2157 de
607 2115 719 2158 caussa
746 2115 862 2178 porcus
890 2092 997 2158 Cereri
1024 2094 1166 2158 caderet:

212 2182 291 2246 illud
315 2186 399 2246 certe
423 2182 662 2263 observabatur,
685 2186 721 2245 ut
744 2184 776 2244 et
794 2182 1002 2266 praepinguis
1026 2185 1111 2246 esset
1132 2185 1168 2245 et

212 2271 301 2333 nulla
333 2271 383 2334 sui
414 2273 505 2353 parte
538 2290 670 2333 mancus
703 2289 740 2332 ac
771 2269 916 2341 mutilus:
950 2271 1036 2354 quod
1068 2270 1166 2334 etiam

212 2358 359 2422 universe
382 2358 417 2421 in
431 2360 500 2421 toto
515 2357 716 2419 victimarum
730 2375 846 2440 genere
861 2359 1040 2422 servabant.
1075 2357 1165 2442 Ergo

213 2465 328 2526 porcos
351 2445 504 2527 mysticos
532 2447 587 2506 aut
613 2444 800 2527 mystericos
822 2445 994 2529 vocabant,
1018 2445 1072 2530 qui
1094 2446 1166 2528 pin·

213 2532 359 2616 guissimi
396 2535 429 2595 et
464 2531 663 2615 integerrimi
695 2534 811 2596 essent.
869 2532 1002 2597 Plautus
1034 2534 1167 2598 sinemus

212 2640 312 2684 sacres
338 2617 474 2705 vocatl).
520 2619 625 2694 Quare
657 2619 857 2705 Megarensis
888 2621 942 2684 ille
974 2619 1166 2702 Aristopha-

213 2705 336 2792 neus³),
365 2708 420 2792 qui
446 2707 529 2772 filias
557 2729 631 2772 suas
658 2729 717 2791 pro
740 2708 845 2791 porcis
868 2708 1003 2772 vendere
1027 2710 1167 2792 cuperet,

212 2797 303 2860 iubet
330 2796 388 2880 eis,
419 2799 457 2860 ut
489 2817 617 2860 saccum
649 2795 812 2880 ingressae
839 2796 886 2860 ita
908 2796 1098 2880 grunniant,
1129 2800 1168 2859 ut

211 2885 302 2968 porci
324 2884 484 2969 mysterici
508 2905 577 2948 esse
600 2884 781 2948 videantur:

257 2984 420 3072 Κῆτιειτεν
444 2988 477 3064 ἐς
498 2985 559 3054 τὸν
582 2985 706 3054 σάκκον
729 2977 787 3052 cld'
814 2986 989 3070 ἕςβαίνετε·

248 3072 355 3152 Ὅκως
377 3074 414 3140 δὲ
436 3075 636 3162 γρυλλιξεῖτε
658 3073 713 3140 καὶ
735 3076 858 3153 κοΐξετε

256 3158 395 3246 Χήοεῖτε
417 3159 537 3246 φωνὰν
560 3166 698 3246 χοιρίων
720 3164 941 3248 μυστηρικῶν.

286 3283 304 3351 ¹)
324 3283 389 3336 Met.
408 3281 468 3335 XV.
489 3288 548 3349 112,
567 3298 601 3334 se.

284 3352 304 3422 ⁹)
323 3352 494 3406 Menaechm.
513 3352 546 3406 H.
567 3357 591 3418 2,
612 3355 653 3407 16.

284 3423 305 3491 ⁸)
323 3423 442 3476 Acharn.
462 3427 521 3476 ⁷4⁶.
540 3439 561 3475 e.
