2658 3914
530 245 649 302 CAPUT
667 247 725 301 LV.
1039 244 1099 308 191

146 392 207 471 est,
230 389 275 453 ibi
298 390 425 454 labores
449 390 576 473 quidem
591 390 746 454 militares
762 393 794 453 et
816 389 957 473 pericula
980 392 1013 452 et
1034 389 1101 453 vul·

145 497 224 540 nera
251 480 283 541 et
310 477 422 541 caedes
452 478 617 561 pertinent
645 478 686 541 ad
709 499 763 542 eos
788 478 842 562 qui
868 477 1003 561 imperio
1028 477 1100 540 sub·

146 575 235 628 sunt:
258 565 380 648 gloriae
404 568 511 629 autem
534 568 567 629 et
588 566 714 649 imperii
729 565 935 649 amplificatio
950 569 983 629 et
996 565 1101 629 omnis

146 653 282 737 denique
313 653 451 732 fructus,
485 654 539 738 qui
567 674 605 717 ex
626 654 761 718 victoria
793 654 931 738 capitur,
961 653 1001 717 ad
1029 675 1101 716 eum

145 762 246 804 unum
277 741 372 823 redit,
405 742 460 826 qui
492 745 614 806 ceteros
646 763 817 826 oppressos
848 745 953 824 tenet,
984 761 1101 824 eosque

144 827 244 892 habet
264 829 300 892 in
327 829 562 914 mancipiorum
589 833 645 893 aut
670 831 706 892 in
728 829 884 912 pecudum
906 830 986 893 loco.
1013 829 1101 893 Haec

144 917 180 979 in
202 916 287 980 hunc
308 917 374 980 fere
398 917 592 982 sententiam
615 918 821 1001 disputantur
843 917 883 980 ab
904 915 1101 1001 Hippocrate

144 1005 179 1068 in
202 1004 325 1088 libello,
348 1026 412 1088 quo
435 1006 586 1088 explicat,
614 1004 697 1080 Quid
720 1005 862 1069 efficient
889 1005 982 1089 caeli,
1005 1025 1101 1089 aqua-

144 1113 217 1155 rum
240 1095 273 1156 et
294 1093 437 1156 locorum
458 1093 638 1158 varietates.

508 1284 651 1351 CAPUT
674 1284 740 1352 LV.

146 1403 221 1459 DUO
244 1403 546 1460 GRAVISSIMORUM
574 1403 804 1460 SCRIPTORUM
827 1404 922 1474 LOCI,
950 1403 1102 1472 QUORUM

146 1491 186 1544 IN
195 1491 367 1558 UTROQUE
378 1493 505 1548 EADEM
518 1493 671 1550 MAcULA
683 1493 886 1562 Hlasnasr,
900 1493 1101 1548 EMENDATI.

236 1613 358 1679 Vereor
387 1616 561 1700 interdum,
591 1637 633 1680 ne
661 1619 735 1699 sint,
759 1618 874 1700 quibus
905 1617 967 1681 hoc
997 1618 1103 1681 totum

148 1702 332 1786 scriptionis
355 1723 458 1787 genus
480 1705 549 1768 leve
564 1724 601 1767 ac
615 1704 883 1767 contemnendum
906 1724 975 1768 esse
997 1703 1102 1767 videa·

147 1795 214 1874 tur,
246 1790 331 1875 quod
364 1791 404 1855 ad
436 1791 577 1854 maculas
609 1811 626 1853 e
657 1792 801 1854 veterum
833 1791 924 1854 libris
951 1791 1102 1854 eluendas

147 1879 292 1945 refertur.
337 1877 384 1944 Ut
411 1879 497 1943 enim
524 1900 600 1943 vera
627 1877 704 1961 sint,
728 1899 809 1961 quac
832 1879 1013 1942 scribimus:
1035 1878 1103 1942 fere

148 1971 270 2052 tamen,
294 1968 486 2051 simulatque
510 1967 582 2052 quis
604 1987 703 2029 unam
726 1969 783 2030 aut
805 1967 939 2031 alteram
962 1967 1102 2030 litteram

148 2075 296 2120 vocemve
319 2056 355 2119 in
377 2056 460 2120 libro
488 2077 546 2119 suo
570 2057 626 2118 aut
652 2055 837 2136 mutaverit,
865 2058 922 2117 aut
944 2054 1104 2138 deleverit,

148 2146 205 2206 aut
235 2143 404 2227 addiderit,
435 2143 482 2206 ite
512 2143 641 2227 singula
671 2142 786 2207 horum
813 2143 968 2206 librorum
998 2143 1104 2223 capita

149 2234 320 2314 concerpat
342 2231 425 2315 licet,
447 2233 485 2295 ut
504 2251 639 2314 quorum
660 2230 714 2293 vix
736 2251 813 2294 usus
834 2233 999 2313 praeterea
1018 2229 1103 2293 ullus

149 2339 218 2383 esse
241 2320 322 2384 alius
344 2319 456 2403 possit.
507 2317 569 2384 Sed
591 2322 701 2383 tamen
724 2317 752 2382 si
779 2319 851 2402 quis
881 2339 988 2382 secum
1010 2338 1103 2400 repu-

147 2409 208 2489 tet,
231 2408 382 2489 primum,
405 2410 528 2491 quanta
548 2407 672 2471 utilitas
695 2426 734 2470 ex
750 2411 894 2471 veterum
912 2406 1104 2489 scriptorum

149 2493 285 2557 lectione
308 2495 464 2577 capiatur,
488 2495 615 2578 deinde,
639 2497 792 2578 quantam
816 2494 1036 2558 difficultatem
1051 2493 1102 2557 de-

149 2582 283 2663 pravata
306 2581 464 2664 scriptura
489 2582 619 2647 illorum
642 2583 793 2647 studiosis
816 2583 965 2646 exhibere
994 2583 1103 2665 soleat,

149 2688 301 2752 magnam
328 2669 466 2752 gratiam
491 2669 674 2734 habendam
700 2691 770 2734 esse
792 2671 946 2736 iudicabit
972 2670 1025 2750 iis,
1049 2670 1103 2753 qui

150 2777 208 2820 suo
240 2757 350 2820 labore
381 2756 523 2821 laborem
556 2758 627 2821 aliis
658 2757 809 2822 minuunt
840 2760 886 2840 et,
920 2757 956 2820 in
988 2757 1103 2841 quibus

149 2843 213 2925 ipsi
238 2843 387 2908 fortassis
415 2845 585 2929 aliquando
612 2844 826 2927 haesitarunt,
852 2845 888 2906 in
910 2843 956 2906 eis
978 2865 1019 2906 ne
1049 2844 1104 2907 alii

151 2951 276 3013 quoque
298 2931 471 3014 haesitent,
498 2932 673 2996 elaborant.
723 2930 793 3004 Qua
816 2951 872 3012 spe
900 2930 1002 2993 fretus
1030 2930 1103 2993 sub·

151 3017 263 3081 secivis
299 3017 387 3082 horis
423 3039 534 3081 eorum
570 3019 739 3099 librorum,
772 3017 887 3101 quibus
919 3017 995 3080 olim
1027 3038 1103 3080 usus

151 3127 236 3188 sum,
259 3125 331 3169 oras
353 3105 503 3189 inspicio,
526 3107 558 3168 et
580 3105 608 3168 si
630 3103 707 3188 quid
720 3105 754 3167 in
768 3102 819 3168 'eis
841 3106 989 3168 notatum
1003 3103 1103 3190 video,

151 3194 236 3278 quod
263 3193 335 3256 usui
363 3193 460 3257 etiam
490 3192 561 3256 aliis
585 3213 654 3257 csse
676 3212 771 3275 posse
794 3191 942 3275 arbitrer,
972 3193 1102 3276 colligo:

151 3287 246 3367 atque
269 3281 316 3345 ita
337 3279 417 3346 haec
431 3281 673 3365 qualiacumque
687 3279 852 3364 concinno,
874 3282 924 3365 ut,
947 3281 975 3344 si
996 3282 1102 3347 minus

150 3368 219 3453 ipse
242 3369 281 3432 de
304 3389 375 3433 meo
394 3370 547 3433 excudere
569 3391 700 3454 possum
722 3368 821 3454 digna
843 3389 924 3453 quae
946 3369 1103 3452 legantur,

151 3459 185 3520 at
209 3461 292 3520 certe
315 3457 436 3541 aliquid
459 3457 604 3540 efficiam,
628 3457 744 3542 quoii,
768 3457 823 3541 qui
844 3457 982 3521 lectione
1005 3457 1103 3542 digna

151 3544 358 3629 scripserunt,
381 3545 506 3611 facilius
519 3546 749 3632 intelligantur.
785 3543 881 3610 Nunc
900 3545 1000 3629 igitur
1023 3546 1102 3610 duos
