2658 3914
258 241 324 306 220
636 245 721 300 VAR.
740 243 843 298 LEOT.

260 389 362 454 salute
384 390 509 473 populi,
533 388 617 453 unde
640 392 674 453 et
696 387 849 453 Durnium
871 387 1055 470 vocabatur,
1078 387 1147 452 fieri
1167 410 1219 452 so-

259 477 367 560 litum,
389 479 425 540 in
447 477 533 562 quod
556 477 698 540 muribus
721 475 846 559 ingredi
868 495 935 539 non
958 475 1081 558 liceret,
1105 496 1219 540 omnes

261 566 378 630 sciunt:
401 565 491 628 ouius
506 564 603 628 etiam
616 564 729 628 violati
750 568 819 628 tam
834 583 928 645 saepe
943 559 1054 627 Cioero
1069 561 1219 627 Clodium

260 655 396 716 accusat.
452 650 514 716 sed
546 652 614 715 eius
644 651 728 716 seori
760 651 917 735 originem
950 648 1106 714 Graecam
1138 672 1220 735 esse,

260 739 406 805 fortassis
434 761 501 804 non
529 760 630 824 aeque
656 739 751 803 multi
778 740 892 802 sciunt.
941 737 1081 802 Monebo
1109 737 1220 822 igitur,

260 827 399 892 Athenis
422 849 548 913 quoque
569 827 607 891 in
628 826 859 892 consuetudine
881 825 1023 910 positum
1045 825 1159 909 fuisse,
1181 831 1222 890 ut
1268 895 1273 902 ,

262 916 436 1000 quotannis
467 916 503 978 in
534 916 630 980 domo
662 915 743 998 eius,
775 915 830 1000 qui
857 935 895 978 eo
923 935 1009 978 anno
1040 935 1097 978 rex
1124 918 1220 998 esset,

262 1005 403 1068 eiusdem
430 1003 557 1088 generis
586 1025 712 1068 suorum
739 1001 900 1088 quoddam
927 1001 1019 1065 fieret
1046 1001 1087 1064 ab
1119 1023 1220 1066 uxore

261 1093 355 1176 regis.
409 1091 449 1156 In
479 1092 540 1156 hae
572 1095 680 1156 autem
709 1090 788 1154 urbe
820 1090 966 1154 eonsules
998 1089 1061 1172 ipsi
1091 1110 1220 1174 quoque

262 1181 354 1264 quasi
382 1180 482 1243 annui
515 1180 644 1263 quidam
671 1198 764 1263 reges
791 1182 891 1242 erant.
940 1175 1012 1240 Hoo
1039 1176 1125 1262 quod
1152 1177 1221 1241 dixi

265 1268 303 1331 de
317 1267 581 1352 Atheniensibus,
603 1268 631 1332 si
646 1267 727 1352 quis,
741 1265 826 1330 unde
844 1266 896 1348 sit,
918 1267 1060 1349 quaerat,
1081 1265 1221 1347 reperiet

245 1354 348 1439 'apud
362 1354 613 1420 Demosthenem
630 1357 666 1418 in
689 1354 834 1419 oratione
852 1354 1004 1419 adversus
1017 1351 1177 1418 Neaeram
1183 1349 1220 1440 ¹).

581 1581 725 1650 CAPUT
748 1583 896 1649 LXVIII.

264 1703 312 1760 DE
327 1701 490 1760 HORATIO
505 1703 658 1760 COELI'I'E
677 1703 842 1758 SENECAE
856 1701 1045 1758 NARRA'I'IO
1059 1702 1107 1756 AB
1124 1703 1222 1758 Anne

598 1790 886 1848 PRAETERMISSA.

331 1897 561 1964 Observatione
583 1896 717 1984 dignum
741 1901 887 1983 arbitror,
910 1899 996 1984 quod
1018 1921 1091 1964 oum
1104 1897 1139 1962 P.
1153 1895 1222 1968 Ho-

263 1987 365 2050 ratius
389 1985 500 2052 Oooles
527 1987 563 2050 in
589 1992 688 2072 ponte
711 1989 845 2054 sublioio
869 1989 957 2053 solus
984 1989 1140 2074 impetum
1162 1989 1221 2055 ho·

266 2074 364 2138 stium
391 2075 568 2159 excepisset
593 2077 792 2161 rescissoque
823 2080 922 2160 ponte
954 2075 1124 2139 incolumis
1155 2081 1222 2142 tra·

264 2165 375 2226 nasset
398 2162 438 2226 ad
452 2184 536 2247 suos,
559 2167 670 2248 gratus
685 2183 762 2248 erga
775 2167 901 2228 tantam
914 2163 1066 2228 virtutem
1080 2167 1222 2250 populus

265 2247 431 2314 Romanus
458 2250 533 2334 fust,
561 2255 594 2315 et
620 2255 748 2335 praeter
769 2255 910 2316 statuam
932 2251 1089 2315 aheneum
1111 2251 1146 2318 in
1169 2276 1221 2320 oo-

265 2337 357 2402 mitio
389 2339 529 2420 positam
560 2341 688 2402 tantum
720 2339 749 2402 ei
776 2339 860 2424 agri,
890 2342 1046 2422 quantum
1072 2360 1139 2407 uno
1169 2342 1221 2408 die

266 2425 522 2504 oiroumaresset‚
545 2425 645 2489 dedit:
668 2443 742 2489 oum
754 2426 789 2490 in
803 2425 936 2491 modieis
959 2426 1075 2509 opibus
1091 2448 1222 2495 neeesse

267 2515 351 2575 esset
372 2512 499 2575 modies
521 2533 590 2576 esse
603 2533 795 2596 magnarum
807 2515 963 2578 virtutum
984 2518 1135 2603 praemia.
1158 2515 1222 2584 Sed

266 2598 345 2661 illud
369 2619 496 2683 quoque
510 2603 689 2664 memoratu
703 2601 837 2685 dignum
851 2606 912 2684 est,
935 2622 1005 2670 eum
1021 2606 1100 2670 illud
1113 2607 1222 2690 ipsum

267 2687 583 2772 quantulumeunque
606 2689 784 2772 praemium
808 2690 950 2774 accipere
971 2695 1126 2759 noluisse:
1153 2715 1222 2758 non

268 2775 354 2858 quod
385 2778 611 2858 aspernaretur
645 2780 684 2840 ut
713 2797 841 2862 parum,
871 2777 927 2842 sed
958 2780 1043 2866 quod
1073 2781 1221 2845 inutilem
1317 2843 1321 2848 .

268 2863 461 2947 reipublicae
485 2864 586 2928 oivem
609 2883 679 2928 esse
702 2865 844 2950 duceret,
867 2866 922 2948 qui
945 2868 986 2933 ob
1010 2889 1141 2950 operam
1163 2891 1220 2951 pu-

268 2951 349 3015 blioe
376 2955 528 3016 navatam
556 2953 739 3036 opulentior
769 2975 838 3019 esse
869 2956 941 3020 eliis
973 2956 1095 3021 civibus
1126 2956 1223 3019 vellet

268 3060 306 3103 eo
327 3061 395 3103 non
416 3040 525 3122 potius
548 3040 583 3103 in
609 3040 681 3123 ipsa
702 3045 787 3107 reete
809 3043 888 3108 faeti
910 3044 1107 3109 conscientia
1133 3042 1223 3109 etin

269 3127 401 3191 caritate
429 3148 466 3191 ao
493 3127 718 3194 benevolentis
749 3131 865 3196 civium
894 3153 1024 3196 suorum
1054 3131 1133 3196 satis
1161 3129 1224 3195 sibi

268 3233 423 3297 magnum
448 3215 627 3296 praemium
652 3222 796 3297 poneret.
846 3217 918 3284 Hoo
939 3223 1050 3284 tamen
1075 3239 1180 3304 neque
1203 3239 1223 3280 a

268 3297 392 3385 Liv102)
424 3321 529 3384 neque
561 3323 581 3364 a
611 3300 799 3391 Dionysio³)
831 3327 936 3390 neque
967 3328 987 3369 a
1017 3301 1223 3389 Plutarcho⁴)

342 3493 362 3562 ¹)
381 3512 409 3564 p.
430 3497 505 3548 13⁷0.
526 3493 569 3574 ed.
588 3491 680 3550 Reisk.
763 3495 897 3564 ²)11.1o.
970 3495 1123 3565 ¹)Antiqu.
1142 3496 1224 3552 Rom.

273 3561 302 3616 V.
321 3569 362 3617 25.
436 3562 644 3632 ⁴)P0p110.1o.
