2658 3914
491 259 609 314 CAPUT
627 260 713 313 XXX.
1018 257 1078 321 157

125 404 166 467 de
193 403 452 468 Lacedaemoniis
480 404 618 487 dicebat,
645 403 678 467 id
706 424 776 467 meo
804 402 931 487 quidem
963 401 1079 466 iudicio

125 492 165 555 de
188 491 355 556 hominum
368 493 498 556 fortuna
520 491 759 556 convenientius
778 490 839 554 dici
857 493 977 574 potest,
999 510 1080 574 quae

126 578 255 663 quidem
276 579 386 643 multis
408 579 501 644 initio
523 579 652 644 obviam
675 599 744 644 sese
770 579 875 642 ferens
909 577 997 641 miris
1026 598 1080 641 eos

124 667 167 730 ad
190 689 224 732 se
245 667 411 732 blanditiis
435 667 546 750 allicit,
569 670 638 731 tum
660 666 751 730 inani
771 665 989 750 praesentium
1011 687 1079 730 suc·

100 753 274 819 'cessuum
300 755 424 820 laetitia
450 755 627 839 complens,
654 758 723 818 tum
747 777 802 838 spe
825 755 872 818 ita
899 774 1024 836 semper
1045 753 1081 816 in

124 844 291 926 posterum
316 843 398 907 fore:
427 844 483 907 ubi
514 846 620 906 autem
647 843 808 907 inhiantes
840 842 902 906 sibi
933 841 1080 906 homines

124 951 186 993 sua
207 930 337 993 levitate
359 930 508 994 inultum
524 930 667 1013 sustulit,
691 952 785 1014 saepe
800 930 845 994 eis
864 932 991 1014 praeter
1013 928 1080 1011 opi-

124 1017 257 1080 nionem
271 1017 426 1080 maximas
441 1018 570 1081 exhibet
584 1018 794 1082 difficultates.
839 1016 1080 1100 Nonnunquam

126 1105 225 1168 etiam
251 1104 339 1187 illos,
372 1105 426 1188 qui
452 1105 560 1169 futura
586 1127 653 1170 non
684 1105 915 1188 prospicientes
945 1124 1080 1188 magnos

125 1192 272 1275 spiritus,
298 1191 399 1274 ipsius
426 1192 529 1256 inflati
556 1191 679 1276 favore,
707 1196 927 1276 conceperant,
950 1191 1079 1257 deserit:

124 1301 191 1343 non
215 1280 321 1363 aliter,
348 1301 444 1364 quam
471 1280 601 1344 dolosus
633 1281 792 1364 quispiam
814 1283 847 1345 et
868 1281 1006 1364 perfidus
1029 1279 1080 1343 iti·

125 1368 212 1432 neris
236 1389 357 1449 comes,
384 1367 440 1451 qui
466 1367 581 1450 quibus
604 1369 742 1433 maxime
765 1369 799 1432 in
826 1369 905 1433 locis
929 1369 1080 1432 societate

124 1463 159 1519 et
180 1455 301 1519 viribus
325 1459 357 1518 et
379 1458 491 1519 mutua
512 1456 698 1520 defensione
726 1479 806 1540 opus
830 1460 891 1539 est,
913 1456 959 1520 ibi
981 1456 1080 1539 potis-

126 1543 242 1607 simum
269 1542 398 1626 fugiens
425 1543 579 1607 confisum
606 1544 668 1608 sibi
700 1545 850 1608 comitem
881 1543 1080 1627 derelinquit.

125 1630 177 1695 lta
203 1631 269 1695 iere
297 1629 498 1712 Theodorus,
526 1630 615 1693 cuius
643 1631 724 1693 liber
751 1652 823 1693 curn
851 1629 953 1694 adhuc
981 1629 1080 1692 divul-

125 1723 221 1802 gatus
243 1740 311 1783 non
335 1718 389 1800 sit,
412 1717 563 1800 iudicavi,
586 1717 613 1780 si
626 1716 706 1780 haec
719 1738 757 1780 ex
781 1739 818 1781 eo
840 1738 943 1799 pauca
966 1717 1081 1780 descri-

125 1807 247 1888 berem,
270 1828 337 1870 non
360 1806 478 1869 malem
493 1825 543 1869 me
558 1826 579 1868 a
592 1804 742 1868 studiosis
757 1805 895 1889 gratiam
917 1804 1080 1868 initurum.

126 1893 189 1958 Sed
216 1893 405 1958 Plutarchus
432 1893 467 1956 in
493 1890 659 1976 Lysandro
667 1891 692 1978 1)
723 1892 785 1956 hoc
812 1893 919 1975 ipsum
944 1913 1080 1956 narrans

126 1981 372 2065 Theopompum
393 1982 479 2046 hunc
501 1980 658 2045 comicum
680 1983 782 2044 vocat.

471 2190 615 2258 CAPUT
638 2189 740 2256 XXX.

127 2310 328 2366 POETARUM
349 2312 399 2366 ΕΤ
421 2312 523 2367 APUM
547 2289 791 2366 COMPARATIO.
831 2309 1081 2366 ILLUSTRATUS

143 2395 296 2451 HORATII
313 2398 465 2454 VERSUS:
484 2398 604 2453 NECTE
622 2397 700 2453 MEO
717 2397 865 2490 ΙιΑΜΙΑΕο
876 2397 1063 2453 CORONAM.

197 2502 348 2568 Libenter
370 2527 407 2570 ac
430 2527 523 2588 saepe
546 2506 671 2570 faciunt
692 2509 820 2590 potitae,
842 2510 880 2570 ut
898 2528 931 2570 se
955 2506 1081 2590 quidem

129 2591 258 2675 apibus,
282 2592 422 2656 studium
444 2599 549 2658 autem
565 2615 657 2658 suum
670 2595 830 2658 mellifieio
849 2595 975 2658 cuidam
998 2615 1082 2659 com-

129 2683 252 2763 parent.
297 2679 419 2764 Neque,
442 2681 470 2744 si
494 2681 564 2766 quis
587 2682 757 2766 diligenter
778 2682 942 2765 inspiciat,
968 2704 1083 2765 parum

9 2809 10 2814 κ
128 2768 232 2832 multa
256 2768 400 2852 utrisque
426 2767 512 2833 inter
538 2789 572 2834 se
600 2769 716 2833 similia
743 2771 950 2852 reperientur.
994 2769 1082 2852 Apes

129 2856 164 2920 in
191 2856 350 2920 struendis
378 2857 526 2940 operibus
557 2857 623 2921 suis
650 2861 799 2920 naturam
825 2860 953 2920 tantum
981 2858 1082 2940 magi-

129 2946 230 3008 stram
245 2946 432 3028 sequuntur:
456 2948 558 3008 artem
571 2965 638 3007 non
653 2943 815 3007 adhibent.
852 2942 904 3007 Sic
918 2946 952 3007 et
968 2948 1082 3026 poetae

128 3034 245 3095 natura
267 3034 394 3096 tantum
415 3033 540 3096 valent:
565 3034 632 3094 arte
656 3031 684 3093 si
707 3032 813 3114 quise
836 3034 1004 3113 poetarum
1026 3053 1083 3095 no-

129 3140 204 3182 men
226 3120 309 3183 tueri
335 3141 430 3202 posse
458 3118 631 3200 confidunt,
658 3138 712 3181 eos
741 3118 949 3202 gravissimus
973 3122 1084 3183 auctor

129 3206 222 3271 Plato
245 3208 438 3290 pronunciat
462 3207 545 3270 nihil
567 3226 710 3290 unquam
723 3206 887 3290 egregium
906 3227 943 3270 ac
964 3227 1082 3271 memo-

129 3293 229 3358 rabile
256 3296 433 3359 effecturos.
482 3294 596 3377 Itaque
619 3292 778 3357 Pindarus
805 3315 843 3358 eo
870 3315 904 3358 se
928 3295 1084 3378 gloriatur

128 3383 318 3447 adversariis
345 3382 425 3466 suis,
451 3380 642 3464 Bacchylide
667 3381 821 3445 nimirum
852 3385 885 3446 et
911 3380 1083 3464 Simonide,

203 3571 223 3642 ¹)
243 3589 266 3627 c.
286 3578 319 3626 13
