2658 3914
511 219 630 275 CAPUT
648 221 744 275 XLVI.
1040 218 1101 283 181

149 384 223 427 oum
236 363 369 429 fratrem
382 364 577 447 insepultum
590 365 693 428 iaoere
706 365 822 447 nollet,
845 367 878 428 et
894 366 981 428 oerto
995 366 1104 428 tamen

150 451 257 534 sciret,
282 452 309 516 si
332 474 405 516 eum
428 452 578 518 adversus
593 451 741 518 Creontis
756 452 895 516 edietum
918 451 1104 535 sepeliisset,

150 538 212 603 sibi
235 561 362 624 quoque
385 541 586 605 moriendum
609 561 691 623 esse,
714 562 781 605 non
803 546 912 604 tamen
934 542 1104 623 propterea

150 627 346 692 absterretur
369 627 410 692 ab
433 628 519 692 illius
541 627 588 712 pii
610 648 687 713 erga
709 629 841 693 fratrem
868 627 1009 692 muneris
1032 627 1104 690 fun·

150 715 268 798 ctione,
292 736 364 780 oum
387 715 481 800 dieat,
503 716 605 780 multo
627 716 756 800 longius
780 737 849 780 esse
872 721 1012 798 tempus,
1040 735 1103 798 quo

151 823 185 865 se
212 803 337 885 placere
367 825 404 867 ao
431 805 561 887 probari
589 808 737 888 oporteat
763 805 888 887 inferis,
916 803 1000 886 apud
1024 823 1104 886 quos

150 893 305 974 perpetuo
327 891 436 955 futuro
458 891 514 975 sit,
537 914 634 977 quam
655 892 709 975 iis,
733 893 788 976 qui
810 894 846 956 in
867 891 928 956 bac
946 892 1014 956 vita
1036 911 1103 954 ver·

151 981 271 1042 santur
316 977 456 1044 Verba
446 981 547 1063 1psius
569 981 649 1044 haee
673 979 795 1066 suut¹):

187 1103 283 1207 Φιλη
307 1095 375 1184 μετ’
402 1095 506 1167 αὐτοῦ
528 1104 694 1208 κείσομαι,
717 1105 820 1184 φίλου
841 1097 933 1208 μέτα,

187 1183 282 1252 Ὅσια
304 1184 566 1299 κανρυργήσασᾏ
580 1188 649 1254 ἐπεὶ
671 1192 795 1254 κλείων
817 1185 951 1294 χρόνος,

195 1269 247 1340 Uo
270 1271 376 1384 δεῖμ’
402 1271 554 1362 ἀρέσκειν
574 1288 644 1354 τοῖς
666 1274 753 1344 κάτω
776 1278 843 1343 τῶν
866 1272 999 1342 ἐνθάδε.

193 1357 280 1429 Ἐκεῖ
299 1359 363 1454 γὰρ
387 1367 423 1430 αἰ
409 1363 526 1430 ecel
473 1389 509 1431 κε
511 1368 634 1450 ί.σομκι

486 1574 630 1642 CAPUT
652 1575 767 1642 XLVI.

344 1691 508 1748 annuero
526 1694 641 1749 nocue
659 1683 918 1749 inunsuaruua

219 1797 316 1864 Multi
339 1804 426 1882 sunt,
450 1801 518 1885 qui,
540 1823 613 1865 oum
626 1805 659 1866 et
680 1801 817 1866 libenter
836 1806 869 1865 et
890 1801 1012 1887 prolixe
1027 1801 1106 1866 alios

154 1887 299 1970 laudent,
321 1889 482 1953 neminem
505 1892 614 1952 tamen
635 1889 771 1972 habent,
801 1890 855 1973 qui
883 1911 930 1974 se,
958 1890 1043 1974 quod
1066 1889 1106 1953 ab

155 1976 200 2039 eis
223 1975 372 2040 laudatus
395 1977 450 2058 sit,
473 1977 646 2061 quidquam
669 1981 839 2061 propterea
852 1978 897 2042 eis
921 1977 1035 2042 debere
1059 2000 1107 2041 ar-

153 2063 299 2127 bitretur.
343 2061 492 2128 Laudant
514 2065 600 2128 enim
623 2065 691 2129 eine
713 2066 780 2130 ullo
803 2066 920 2130 dilectu
938 2087 976 2130 ao
999 2065 1107 2129 discri-

155 2151 240 2214 mine
255 2172 379 2234 omnes,
402 2155 438 2216 ut
460 2152 493 2216 id
516 2174 582 2216 uon
596 2157 653 2216 aut
675 2152 792 2217 iudicio
807 2157 863 2217 aut
884 2153 1108 2218 benevolentia

155 2239 296 2322 adducti,
320 2239 375 2304 sed
398 2239 511 2305 morbo
535 2241 674 2324 quodam
688 2241 788 2304 enimi
810 2241 913 2304 fucere
932 2241 1108 2305 videantur.

156 2325 218 2391 Sed
250 2331 282 2391 et
312 2327 348 2390 in
379 2329 514 2411 pecunia
544 2328 642 2413 idem,
675 2350 869 2413 quamquam
898 2329 1001 2392 rarius
1029 2331 1062 2392 et
1089 2351 1108 2390 a

155 2415 372 2498 paucioribus,
394 2417 463 2480 fieri
485 2416 602 2481 videas.
646 2415 815 2480 Eiusmodi
836 2416 897 2501 igit
898 2438 935 2480 ur
962 2417 1108 2481 homines

156 2505 189 2564 et
212 2502 337 2566 elevant
323 2503 496 2568 tauctorit
498 2509 582 2567 atem
605 2503 713 2569 iudicii
736 2504 841 2568 suiet
864 2525 991 2569 omnem
1013 2505 1108 2568 bene-

156 2587 314 2653 factorum
341 2591 479 2673 gratiam
511 2591 573 2655 ami
575 2595 671 2656 tt.unt
724 2591 773 2656 De
806 2592 920 2676 quibus
947 2593 1111 2676 praeclare

157 2673 323 2762 Seneca²):
347 2677 693 2764 Beneficium,1nquit,
715 2681 796 2762 quod
816 2680 1113 2762 queebosltbetttdotm,

156 2764 236 2829 nulli
259 2770 385 2848 protum
411 2771 462 2831 est.
443 2767 609 2831 tNemo
635 2787 666 2832 se
691 2768 856 2832 stabularii
882 2773 939 2832 out
963 2768 1110 2849 emmonis

156 2851 301 2933 hospitem
327 2854 456 2932 iudicat,
487 2875 541 2918 meo
566 2857 724 2919 convivam
755 2856 845 2918 domt'
820 2861 860 2918 tas
890 2855 1026 2936 epulum,
1057 2855 1110 2919 ubi

157 2940 219 3004 dici
235 2945 351 3020 potest:
381 2941 464 3020 Quid
488 2942 570 3004 enim
597 2942 632 3004 im
654 2961 702 3004 me
728 2940 876 3006 contulit?
909 2941 1025 3022 Nempe
1046 2940 1109 3020 too,

156 3027 238 3108 quod
257 3027 294 3090 im
320 3027 410 3091 illum
437 3033 466 3091 et
490 3035 542 3091 vix
567 3033 673 3092 motum
695 3028 766 3105 sebi,
794 3034 823 3091 et
847 3030 883 3092 m
904 3029 994 3092 illum
1017 3029 1110 3092 etiam

54 3183 59 3192 ,
156 3115 376 3178 inimicumne
402 3115 614 3196 turpissimum
640 3114 800 3180 hominem.
846 3115 1009 3197 Numquid
1028 3118 1110 3181 enim

156 3223 204 3267 me
225 3203 353 3284 dipmom
366 3201 536 3267 iudicavit?
558 3203 670 3267 Morbo
691 3223 747 3267 suo
760 3223 874 3268 morem
894 3205 994 3286 pessit.
1025 3203 1109 3268 Puto

157 3293 264 3355 autem
287 3291 361 3374 hoo,
384 3290 469 3373 quod
491 3293 654 3375 postremo
669 3292 739 3356 loeo
753 3292 896 3377 positum
914 3295 972 3376 est,
994 3293 1110 3357 veteris

231 3462 251 3530 ¹)
269 3462 363 3531 Antig.
383 3468 425 3516 77.
441 3481 474 3518 ee.

230 3531 303 3601 'lde
323 3531 416 3588 Renes.
436 3534 457 3589 I.
477 3539 517 3589 14.
