2658 3914
512 215 631 272 CAPUT
650 216 734 270 XXV.
1033 213 1094 278 151

142 360 219 442 tela3
241 381 345 444 neque
373 361 459 424 enim
485 364 602 443 terrae,
630 383 726 445 quam
753 358 816 442 ipsi
844 361 951 441 arant,
974 358 1096 422 domini

143 469 262 511 sumus.
307 446 378 512 Hoc
402 447 616 532 Pherecydem
645 447 772 531 Syrium
800 468 931 510 narrare
959 447 1005 510 ait
1027 444 1096 511 (lle-

143 557 234 599 mens
256 534 494 600 Alexandrinus
502 534 536 621 ¹).
580 536 765 600 Herodotus
789 538 896 598 autem
918 534 953 598 in
975 533 1096 616 Melpo-

142 621 267 709 111119)
290 623 374 688 hanc
387 624 492 709 ipsam
505 624 674 689 historiam
689 623 854 707 aliquanto
872 621 964 686 aliter
977 625 1096 686 narrat.

487 867 631 935 CAPUT
654 867 756 934 XXV.

142 1004 329 1058 HOMERUM
338 1005 385 1058 ΕΤ
391 1003 883 1073 ΑΕΕΟΗΥΕΠΜΑΤΗΕΝΙΕΝΕΕΒ,
893 1003 1098 1058 TYRTAEUM

219 1091 499 1148 LACEDAEMONII
519 1091 592 1158 Quo
610 1092 763 1148 HONORE
781 1090 1020 1146 AFFEOERINT.

217 1199 351 1266 Homeri
383 1205 532 1284 poemata
565 1202 678 1286 quanti
709 1201 844 1266 fecerint
875 1200 1098 1281 Athenienses,

145 1311 303 1374 quamque
326 1289 418 1353 utilia
438 1310 507 1354 esse
530 1289 571 1354 ad
593 1289 838 1354 inflammandos
860 1287 1038 1352 honestatis
1062 1308 1099 1351 ac

143 1377 313 1462 dignitatis
337 1399 445 1442 amore
468 1378 592 1442 animos
615 1377 798 1459 iudicarint,
824 1377 901 1440 hinc
924 1376 1099 1440 existimari

144 1465 231 1547 licet,
255 1466 340 1549 quod
363 1467 468 1550 legem
489 1466 647 1549 tulerunt,
668 1469 706 1531 ut
728 1465 840 1549 quinto
865 1485 990 1548 quoque
1013 1485 1099 1528 anno

145 1553 180 1617 in
202 1552 438 1617 Panathenaeis
462 1555 529 1617 eius
555 1554 651 1617 unius
675 1575 713 1616 ex
741 1553 829 1616 omni
850 1555 1019 1634 poetarum
1041 1572 1099 1614 nu·

145 1661 234 1704 mero
263 1641 405 1703 carmina
431 1640 557 1723 publice
586 1641 785 1703 canerentur.
832 1637 884 1701 Ita
906 1639 992 1702 enim
1014 1638 1099 1722 cogi·

146 1728 275 1809 tabant,
307 1727 394 1810 leges
431 1727 613 1810 praecipere
647 1727 775 1810 quidem
808 1725 884 1810 quid
919 1725 1101 1789 faciendum

146 1815 397 1899 fugiendumque
425 1814 480 1896 sit,
508 1814 563 1878 sed
585 1818 717 1897 propter
738 1813 929 1877 brevitatem
956 1833 1022 1877 non
1046 1813 1100 1876 do-

147 1923 231 1966 cere:
254 1905 290 1965 at
310 1906 437 1985 poetas,
460 1901 515 1984 qui
536 1901 638 1966 vitam
659 1901 826 1966 hominum
848 1900 1027 1985 imitantes,
1049 1922 1100 1964 res

147 1990 310 2073 praeclare
333 2010 371 2052 ac
392 1989 519 2053 fortiter
541 1992 649 2073 gestas
668 1989 795 2072 copiose
814 1991 1011 2072 exponerent
1033 2009 1100 2052 eas·
1220 2042 1222 2056 .

148 2098 209 2161 que
231 2077 463 2160 propemodum
478 2079 552 2140 ante
567 2078 676 2140 oculos
691 2077 937 2159 constituerent,
960 2076 1100 2158 aptiores

147 2187 217 2229 esse
246 2165 286 2228 ad
316 2164 582 2249 persuadendum.
635 2162 779 2228 Similem
809 2166 916 2228 autem
944 2163 1101 2227 honorem

147 2252 330 2316 habuerunt
352 2251 598 2317 Lacedaemonii
616 2252 763 2336 Tyrtaeo.
808 2250 889 2316 (luni
912 2251 998 2314 enim
1021 2255 1101 2315 cete-

147 2341 241 2425 roqui
254 2363 273 2404 1
287 2340 420 2423 politicis
435 2340 548 2405 studiis
568 2339 664 2404 alieni
683 2342 790 2404 essent
812 2360 915 2423 neque
933 2341 1101 2422 poetarum

149 2431 262 2492 cantus
284 2429 421 2493 libenter
444 2429 604 2510 audirent,
630 2429 702 2512 lege
724 2431 835 2491 tamen
858 2427 1101 2510 constituerant,

148 2518 186 2578 ut
213 2516 337 2599 quoties
366 2537 439 2579 cum
466 2517 614 2580 hostibus
642 2517 850 2580 dimicaturus
872 2515 908 2578 in
933 2514 1102 2598 procinctu

149 2601 348 2666 constitisset
366 2603 531 2684 exercitus,
546 2607 799 2668 convocarentur
813 2602 930 2666 milites
944 2603 979 2666 in
996 2603 1101 2666 taber·

148 2691 300 2762 naculum
327 2691 451 2774 regium
477 2691 585 2774 ibique
608 2691 774 2756 audiendis
798 2691 928 2774 Tyrtaei
955 2691 1101 2754 carmini·

149 2778 209 2841 bus
234 2779 273 2842 ad
297 2776 542 2862 spernendam³)
566 2801 624 2862 pro
646 2780 752 2863 patria
765 2779 865 2843 vitam
882 2778 1101 2841 incitarentur.

149 2864 310 2949 Aeschylo
334 2887 460 2950 quoque
482 2866 568 2930 idem
590 2887 689 2948 prope
712 2865 816 2930 honos
831 2887 851 2927 a
868 2866 988 2947 populo
1001 2863 1101 2927 Athe-

149 2953 255 3016 niensi
277 2953 416 3016 tributus
431 2956 488 3016 est.
524 2953 628 3017 'Unius
643 2953 729 3016 enim
743 2973 782 3015 ex
800 2951 948 3014 omnibus
970 2951 1102 3035 tragicis

150 3039 278 3103 fabulae
305 3040 376 3122 ipso
404 3040 502 3103 etiam
529 3044 656 3104 mortuo
687 3041 725 3104 ut
756 3038 945 3103 docerentur
976 3038 1102 3102 decreto

150 3127 278 3212 publico
303 3131 460 3192 statutum
482 3130 560 3191 erat.

225 3300 232 3331 i

223 3304 243 3438 il
262 3300 415 3425 {litat
433 3307 465 3426 ‚⁸2
485 3413 491 3426 .
511 3298 764 3439 stivalibus
791 3369 826 3422 ae
849 3367 1007 3424 discrimine
1030 3367 1103 3423 inni·

150 3455 273 3508 spernere
292 3443 321 3497 et
338 3448 502 3497 contemnere
519 3441 601 3497 malit
619 3441 845 3495 contemnendam.
883 3439 916 3494 D.
935 3439 969 3493 a.
